1785 2560
452 371 1010 71 THE YELLOW WALL PAPER

429 486 1044 65 I believed I would lie down again and

429 571 1043 63 sleep all I could; and not to wake me

428 649 1042 56 even for dinner — I would call when I

433 732 174 58 woke.

482 812 990 61 So now she is gone, and the servants

425 893 1048 64 are gone, and the things are gone, and

428 969 1042 64 there is nothing lest but that great bed¬

428 1051 1044 68 stead nailed down, with the canvas

430 1134 687 59 mattress we found on it.

493 1208 976 67 We shall sleep downstairs to-night,

428 1294 940 57 and take the boat home to-morrow.

486 1372 986 65 I quite enjoy the room, now it is bare

432 1456 178 64 again.

487 1528 986 66 How those children did tear about

430 1611 170 64 here!

490 1686 849 69 This bedstead is fairly gnawed!

485 1772 644 62 But I must get to work.

485 1850 985 64 I have locked the door and thrown

426 1931 878 65 the key down into the front path.

924 2007 58 70 50
