1785 2560
345 372 999 71 THE YELLOW WALL PAPER

375 492 986 62 I don’t want to go out, and I don’t

322 570 1036 68 want to have anybody come in, till John

318 659 194 49 comes.

376 732 619 55 I want to astonish him.

376 816 982 62 I’ve got a rope up here that even

315 891 1040 66 Jennie did not find. If that woman

312 975 1040 66 does get out, and tries to get away, I

315 1055 336 61 can tie her!

372 1133 980 64 But I forgot I could not reach far

318 1216 826 64 without anything to stand on!

376 1294 652 55 This bed will not move!

371 1373 980 64 I tried to lift and push it until I was

311 1454 1044 67 lame, and then I got so angry I bit off a

312 1537 1043 61 little piece at one corner — but it hurt

314 1618 260 63 my teeth.

369 1692 979 67 Then I peeled off all the paper I

310 1776 1044 62 could reach standing on the floor. It

311 1860 1037 64 sticks horribly and the pattern just en¬

307 1928 1038 79 joys it! All those strangled heads

798 2013 58 69 51
