1785 2560
325 386 1004 71 THE YELLOW WALL PAPER

301.0 513.0 1043.0 60.0 also of high standing, and he says the

305.0 591.0 319.0 61.0 same thing.

361 667 983 65 So I take phosphates or phosphites,

317.0 746.0 1028.0 64.0 — whichever it is, — and tonics, and

304.0 830.0 1041.0 63.0 journeys, and air, and exercise, and

301 900 1039 72 am absolutely forbidden to “work"

305.0 987.0 623.0 62.0 until I am well again.

362.0 1065.0 980.0 67.0 Personally I disagree with their

305.0 1144.0 164.0 56.0 ideas.

362.0 1225.0 983.0 66.0 Personally I believe that congenial

308.0 1309.0 1034.0 62.0 work, with excitement and change,

312.0 1389.0 545.0 61.0 would do me good.

364.0 1467.0 618.0 61.0 But what is one to do?

362.0 1545.0 977.0 64.0 I did write for a while in spite of

304.0 1631.0 1044.0 60.0 them; but it does exhaust me a good

304.0 1709.0 1042.0 64.0 deal — having to be so sly about it,

307.0 1793.0 1039.0 61.0 or else meet with heavy opposition.

362.0 1870.0 983.0 62.0 I sometimes fancy that in my con¬

305.0 1948.0 1040.0 65.0 dition if I had less opposition and more

807 2035 44 59 3
