1785 2560
331.0 378.0 1004.0 70.0 THE YELLOW WALL PAPER

362.0 496.0 980.0 65.0 I’M feeling ever so much better! I

304.0 574.0 1041.0 67.0 don’t sleep much at night, for it is so

305.0 658.0 1043.0 64.0 interesting to watch developments; but

308.0 735.0 920.0 67.0 I sleep a good deal in the daytime.

359.0 816.0 986.0 65.0 In the daytime it is tiresome and per¬

311.0 900.0 215.0 68.0 plexing.

366.0 978.0 980.0 60.0 There are always new shoots on the

302.0 1056.0 1047.0 64.0 fungus, and new shades of yellow all

304.0 1137.0 1040.0 63.0 over it. I cannot keep count of them,

307.0 1218.0 947.0 63.0 though I have tried conscientiously.

364.0 1297.0 985.0 64.0 It is the strangest yellow, that wall

307.0 1375.0 1039.0 68.0 paper! It makes me think of all the

310.0 1457.0 1036.0 64.0 yellow things I ever saw— not beauti¬

305.0 1537.0 1043.0 65.0 ful ones like buttercups, but old foul,

308.0 1615.0 488.0 68.0 bad yellow things.

362.0 1695.0 986.0 64.0 But there is something else about

305.0 1776.0 1044.0 65.0 that paper–the smell! I noticed it

305.0 1861.0 1041.0 57.0 the moment we came into the room,

308.0 1938.0 1034.0 63.0 but with so much air and sun it was

783 2011 111 79 39
