1785 2560
344.0 362.0 1007.0 70.0 THE YELLOW WALL PAPER

318.0 482.0 1043.0 59.0 such a real rest and comfort, and here

321.0 561.0 1042.0 61.0 I am a comparative burden already!

374.0 638.0 992.0 66.0 Nobody would believe what an effort

321.0 719.0 1041.0 61.0 it is to do what little I am able — to

320.0 802.0 1042.0 62.0 dress and entertain, and order things.

378 881 988 63 It is fortunate Mary is so good

327.0 961.0 980.0 64.0 with the baby. Such a dear baby!

379.0 1042.0 987.0 61.0 And yet I cannot be with him, it

322.0 1127.0 623.0 56.0 makes me so nervous.

378.0 1204.0 984.0 63.0 I suppose John never was nervous

321.0 1281.0 1044.0 64.0 in his life. He laughs at me so about

322.0 1361.0 450.0 66.0 this wall paper!

379.0 1446.0 986.0 60.0 At first he meant to repaper the

322.0 1521.0 1043.0 63.0 room, but afterwards he said that I

325.0 1604.0 1041.0 62.0 was letting it get the better of me,

322.0 1686.0 1044.0 60.0 and that nothing was worse for a

322.0 1766.0 1041.0 62.0 nervous patient than to give way to

324.0 1844.0 367.0 54.0 such fancies.

385.0 1922.0 978.0 66.0 He said that after the wall paper

816.0 2002.0 53.0 51.0 11
