<?xml version="1.0" encoding="UTF-8"?>
<alto xmlns:xsi="http://www.w3.org/2001/XMLSchema-instance"
      xmlns="http://www.loc.gov/standards/alto/ns-v4#"
      xsi:schemaLocation="http://www.loc.gov/standards/alto/ns-v4# http://www.loc.gov/standards/alto/v4/alto-4-2.xsd">
  <Description>
    <MeasurementUnit>pixel</MeasurementUnit>
    <sourceImageInformation>
      <fileName>page_00063.png</fileName>
    </sourceImageInformation>
  </Description>
  <Tags>
    <OtherTag ID="BT7" LABEL="CustomZone" DESCRIPTION="block type CustomZone"/><OtherTag ID="BT8" LABEL="DamageZone" DESCRIPTION="block type DamageZone"/><OtherTag ID="BT9" LABEL="DigitizationArtefactZone" DESCRIPTION="block type DigitizationArtefactZone"/><OtherTag ID="BT10" LABEL="DropCapitalZone" DESCRIPTION="block type DropCapitalZone"/><OtherTag ID="BT11" LABEL="GraphicZone" DESCRIPTION="block type GraphicZone"/><OtherTag ID="BT12" LABEL="MainZone" DESCRIPTION="block type MainZone"/><OtherTag ID="BT13" LABEL="MarginTextZone" DESCRIPTION="block type MarginTextZone"/><OtherTag ID="BT14" LABEL="MusicZone" DESCRIPTION="block type MusicZone"/><OtherTag ID="BT15" LABEL="NumberingZone" DESCRIPTION="block type NumberingZone"/><OtherTag ID="BT17" LABEL="QuireMarksZone" DESCRIPTION="block type QuireMarksZone"/><OtherTag ID="BT18" LABEL="RunningTitleZone" DESCRIPTION="block type RunningTitleZone"/><OtherTag ID="BT19" LABEL="SealZone" DESCRIPTION="block type SealZone"/><OtherTag ID="BT20" LABEL="StampZone" DESCRIPTION="block type StampZone"/><OtherTag ID="BT21" LABEL="TableZone" DESCRIPTION="block type TableZone"/><OtherTag ID="BT22" LABEL="TitlePageZone" DESCRIPTION="block type TitlePageZone"/>
    <OtherTag ID="LT7" LABEL="CustomLine" DESCRIPTION="line type CustomLine"/><OtherTag ID="LT8" LABEL="DefaultLine" DESCRIPTION="line type DefaultLine"/><OtherTag ID="LT9" LABEL="DropCapitalLine" DESCRIPTION="line type DropCapitalLine"/><OtherTag ID="LT10" LABEL="HeadingLine" DESCRIPTION="line type HeadingLine"/><OtherTag ID="LT11" LABEL="InterlinearLine" DESCRIPTION="line type InterlinearLine"/><OtherTag ID="LT12" LABEL="MusicLine" DESCRIPTION="line type MusicLine"/><OtherTag ID="LT52" LABEL="default" DESCRIPTION="line type default"/>
  </Tags>
  <Layout>
    <Page WIDTH="1785"
          HEIGHT="2560"
          PHYSICAL_IMG_NR="61"
          ID="eSc_dummypage_">
      <PrintSpace HPOS="0"
                  VPOS="0"
                  WIDTH="1785"
                  HEIGHT="2560">
        <TextBlock HPOS="290"
                   VPOS="470"
                   WIDTH="1083"
                   HEIGHT="1527"
                   ID="block_0"
                   TAGREFS="BT12">
          <Shape><Polygon POINTS="1365 478 1373 1997 290 1997 303 470"/></Shape>
          <TextLine ID="line_0"
                    TAGREFS="LT52"
                    BASELINE="331 425 1335 419" 
                    HPOS="329.0"
                    VPOS="365.0"
                    WIDTH="1006.0"
                    HEIGHT="74.0">
            <Shape><Polygon POINTS="331 425 331 432 578 439 580 439 833 430 1322 435 1324 435 1325 435 1327 435 1335 428 1335 419 1332 375 1201 366 1200 366 1199 366 1197 366 1186 375 1174 365 1173 365 1171 365 1170 365 1169 365 1167 365 1156 375 1154 375 1149 375 1107 369 1106 369 1105 369 1088 375 1080 378 962 378 960 375 952 368 951 368 950 368 948 368 947 368 945 368 937 375 933 376 914 375 857 369 856 369 854 369 839 375 829 378 796 375 746 371 745 371 709 375 688 378 684 375 674 368 672 368 671 368 669 368 668 368 651 375 645 378 641 375 631 369 630 369 628 369 627 369 513 372 512 372 510 372 507 375 502 379 470 375 419 369 418 369 329 375 331 425"/></Shape>
	    <String CONTENT="THE YELLOW WALL PAPER"
                    HPOS="329.0"
                    VPOS="365.0"
                    WIDTH="1006.0"
                    HEIGHT="74.0"
                    WC="0.9995987443696885"></String>
          </TextLine>
          <TextLine ID="line_1"
                    TAGREFS="LT52"
                    BASELINE="364 534 1349 530" 
                    HPOS="362.0"
                    VPOS="486.0"
                    WIDTH="987.0"
                    HEIGHT="65.0">
            <Shape><Polygon POINTS="364 534 364 541 550 551 551 551 688 541 704 540 708 540 732 547 733 547 735 547 859 540 867 540 869 540 877 548 878 548 880 548 881 550 921 550 921 548 1008 540 1019 539 1028 539 1068 546 1069 546 1071 546 1086 539 1096 547 1096 548 1098 548 1099 548 1100 550 1144 550 1144 548 1146 548 1166 541 1183 547 1184 547 1186 547 1187 547 1189 547 1197 539 1228 547 1230 547 1231 547 1348 537 1349 530 1348 499 1325 486 1324 486 1322 486 1321 486 1319 486 1280 500 1251 500 1237 487 1237 486 1235 486 1234 486 1233 486 1231 486 1200 499 1184 487 1183 487 1181 487 1180 487 1179 487 1142 499 1053 499 1039 489 1038 489 1036 489 1035 489 1034 489 1032 489 1018 499 1015 502 910 502 907 499 894 487 893 487 891 487 890 487 888 487 861 497 850 487 849 487 847 487 810 487 809 487 807 487 786 499 783 500 782 499 770 489 770 487 769 487 768 487 766 487 765 487 733 499 726 500 722 497 702 487 701 487 699 487 672 489 671 489 669 489 659 497 654 503 421 503 413 497 405 489 403 489 402 489 401 489 362 496 364 534"/></Shape>
	    <String CONTENT="I suppose I shall have to get back"
                    HPOS="362.0"
                    VPOS="486.0"
                    WIDTH="987.0"
                    HEIGHT="65.0"
                    WC="0.9936397198368522"></String>
          </TextLine>
          <TextLine ID="line_2"
                    TAGREFS="LT52"
                    BASELINE="308 614 1349 611" 
                    HPOS="307.0"
                    VPOS="567.0"
                    WIDTH="1042.0"
                    HEIGHT="65.0">
            <Shape><Polygon POINTS="308 614 308 622 584 624 594 632 595 632 597 632 598 632 793 624 817 630 819 630 820 630 822 630 843 622 844 622 1075 622 1096 630 1098 630 1099 630 1191 622 1235 631 1237 631 1309 624 1338 631 1339 631 1341 631 1342 631 1344 631 1344 630 1349 624 1349 611 1348 578 1319 567 1318 567 1317 567 1253 574 1228 567 1227 567 1226 567 1224 567 1199 577 1194 580 1005 580 999 576 982 567 981 567 979 567 978 567 957 576 948 580 883 580 871 574 850 567 849 567 847 567 846 567 822 574 802 581 711 581 694 573 681 568 679 568 678 568 677 568 662 573 642 581 561 581 551 573 547 568 546 568 544 568 543 568 524 573 503 577 485 571 472 568 470 568 469 568 467 568 466 568 463 571 453 580 435 571 428 568 426 568 371 568 369 568 368 568 366 568 364 571 349 580 337 571 334 568 332 568 331 568 329 568 307 570 308 614"/></Shape>
	    <String CONTENT="behind the pattern when it comes night,"
                    HPOS="307.0"
                    VPOS="567.0"
                    WIDTH="1042.0"
                    HEIGHT="65.0"
                    WC="0.9974573988180894"></String>
          </TextLine>
          <TextLine ID="line_3"
                    TAGREFS="LT52"
                    BASELINE="308 694 759 691" 
                    HPOS="307.0"
                    VPOS="647.0"
                    WIDTH="452.0"
                    HEIGHT="62.0">
            <Shape><Polygon POINTS="308 694 308 702 523 709 524 709 526 709 527 709 536 702 743 708 745 708 746 708 748 708 759 701 759 691 758 657 749 648 749 647 748 647 746 647 705 647 704 647 702 647 701 647 701 648 689 658 689 659 634 659 634 658 607 647 605 647 604 647 603 647 601 647 583 658 549 647 547 647 546 647 544 647 543 647 529 659 516 651 514 651 513 651 512 651 510 651 509 651 509 652 500 659 500 661 473 661 473 659 445 648 443 648 442 648 440 648 418 659 389 648 388 648 386 648 385 648 384 648 384 649 372 661 307 661 308 694"/></Shape>
	    <String CONTENT="and that is hard!"
                    HPOS="307.0"
                    VPOS="647.0"
                    WIDTH="452.0"
                    HEIGHT="62.0"
                    WC="0.9997107526835274"></String>
          </TextLine>
          <TextLine ID="line_4"
                    TAGREFS="LT52"
                    BASELINE="364 775 1346 769" 
                    HPOS="362.0"
                    VPOS="726.0"
                    WIDTH="984.0"
                    HEIGHT="66.0">
            <Shape><Polygon POINTS="364 775 364 782 413 789 415 789 449 782 453 782 457 782 487 790 489 790 490 790 529 782 533 782 537 782 583 790 584 790 585 790 605 782 610 780 611 782 620 789 620 790 621 790 622 790 624 792 843 792 843 790 844 790 846 790 846 789 854 782 857 779 864 782 887 789 888 789 890 790 920 790 920 789 921 789 923 789 923 787 930 782 934 779 962 779 967 782 974 787 974 789 975 789 977 789 978 790 1024 790 1024 789 1025 789 1026 789 1035 782 1038 779 1046 782 1069 789 1071 789 1072 789 1139 787 1140 787 1142 787 1149 782 1153 777 1170 782 1193 786 1194 786 1196 786 1214 782 1231 777 1247 782 1274 787 1275 787 1345 780 1346 769 1345 739 1322 726 1321 726 1319 726 1267 726 1265 726 1264 726 1263 726 1243 740 1241 742 1237 740 1191 726 1190 726 1189 726 1187 726 1157 740 1156 742 1154 740 1137 728 1136 728 1135 728 1133 728 1076 740 1061 745 1005 745 1001 740 987 728 985 728 984 728 967 728 965 728 964 728 962 728 962 729 950 740 945 743 928 740 887 733 886 733 884 733 864 740 853 745 849 740 837 731 836 731 834 731 833 731 832 731 830 731 830 732 820 740 819 742 742 743 729 740 689 729 688 729 686 729 634 740 605 746 568 740 547 738 546 738 531 740 504 746 496 740 482 731 480 731 479 731 456 731 455 731 453 731 452 731 440 740 435 745 428 740 415 731 413 731 412 731 369 731 368 731 366 731 365 731 365 732 364 732 362 732 364 775"/></Shape>
	    <String CONTENT="It is so pleasant to be out in this"
                    HPOS="362.0"
                    VPOS="726.0"
                    WIDTH="984.0"
                    HEIGHT="66.0"
                    WC="0.9881719282695225"></String>
          </TextLine>
          <TextLine ID="line_5"
                    TAGREFS="LT52"
                    BASELINE="311 856 1348 851" 
                    HPOS="310.0"
                    VPOS="810.0"
                    WIDTH="1038.0"
                    HEIGHT="63.0">
            <Shape><Polygon POINTS="311 856 311 873 352 871 354 871 355 871 371 861 419 868 421 868 477 861 489 870 490 870 492 870 493 870 494 870 496 870 507 863 615 868 617 868 618 868 620 868 630 861 716 868 733 870 735 870 736 870 739 868 760 860 789 860 803 868 805 870 806 870 807 870 809 870 820 868 844 863 850 867 853 870 854 870 856 870 857 871 934 871 934 870 935 870 937 870 937 868 940 867 948 860 977 866 991 868 992 868 1011 866 1039 861 1107 864 1160 867 1162 867 1163 867 1164 867 1169 864 1176 859 1201 864 1221 867 1223 868 1264 868 1264 867 1265 867 1267 867 1271 863 1277 859 1345 861 1348 851 1345 810 1312 810 1311 810 1309 810 1308 810 1292 823 1227 816 1226 816 1193 823 1180 813 1177 810 1176 810 1174 810 1142 810 1140 810 1139 810 1125 813 1102 819 1014 816 1002 816 1001 816 999 816 998 816 984 824 881 819 859 817 857 817 834 819 778 824 770 820 760 812 759 812 758 812 729 812 728 812 675 822 652 826 604 823 504 817 503 817 460 826 459 826 430 813 429 813 428 813 426 813 399 820 328 817 327 817 325 817 324 817 310 824 311 856"/></Shape>
	    <String CONTENT="great room and creep, around as I"
                    HPOS="310.0"
                    VPOS="810.0"
                    WIDTH="1038.0"
                    HEIGHT="63.0"
                    WC="0.9994662440184391"></String>
          </TextLine>
          <TextLine ID="line_6"
                    TAGREFS="LT52"
                    BASELINE="312 935 512 932" 
                    HPOS="311.0"
                    VPOS="887.0"
                    WIDTH="201.0"
                    HEIGHT="67.0">
            <Shape><Polygon POINTS="312 935 314 954 349 945 409 948 465 950 466 950 512 940 512 932 510 897 483 887 482 887 480 887 479 887 477 887 477 888 467 898 466 900 391 900 389 900 349 888 348 888 347 888 345 888 311 901 312 935"/></Shape>
	    <String CONTENT="please!"
                    HPOS="311.0"
                    VPOS="887.0"
                    WIDTH="201.0"
                    HEIGHT="67.0"
                    WC="0.9969040410859245"></String>
          </TextLine>
          <TextLine ID="line_7"
                    TAGREFS="LT52"
                    BASELINE="366 1015 1351 1011" 
                    HPOS="365.0"
                    VPOS="967.0"
                    WIDTH="986.0"
                    HEIGHT="64.0">
            <Shape><Polygon POINTS="366 1015 366 1022 479 1029 480 1029 521 1024 534 1022 540 1024 554 1029 556 1029 557 1029 558 1029 576 1024 580 1022 581 1024 588 1031 590 1031 591 1031 593 1031 594 1031 615 1024 618 1024 625 1024 679 1031 681 1031 711 1025 728 1021 732 1025 738 1029 739 1029 741 1029 742 1029 773 1025 783 1024 795 1025 840 1031 842 1031 843 1031 864 1025 880 1021 884 1025 888 1029 890 1029 891 1029 1019 1031 1021 1031 1022 1031 1035 1026 1042 1024 1061 1026 1078 1028 1079 1028 1080 1028 1082 1028 1083 1026 1092 1019 1142 1026 1147 1026 1149 1026 1153 1026 1189 1019 1197 1026 1199 1028 1200 1028 1201 1028 1203 1028 1204 1028 1208 1026 1230 1019 1240 1026 1241 1028 1243 1028 1244 1028 1245 1028 1257 1026 1305 1019 1315 1026 1317 1028 1317 1029 1318 1029 1319 1029 1321 1029 1349 1026 1351 1011 1349 982 1314 967 1312 967 1311 967 1309 967 1261 981 1187 979 1174 968 1174 967 1173 967 1171 967 1143 967 1142 967 1140 967 1139 967 1139 968 1123 981 1123 982 1068 982 1066 981 1043 967 1042 967 1041 967 1039 967 915 979 888 984 780 984 772 979 745 969 743 969 742 969 741 969 739 969 728 979 723 982 718 979 696 969 695 969 694 969 692 969 691 969 691 971 681 979 678 982 651 984 566 984 557 978 544 969 543 969 541 969 540 969 504 978 492 981 485 978 467 969 466 969 442 969 440 969 439 969 438 969 428 978 423 981 419 978 409 969 408 969 406 969 405 969 365 977 366 1015"/></Shape>
	    <String CONTENT="I don’t want to go outside. I won’t,"
                    HPOS="365.0"
                    VPOS="967.0"
                    WIDTH="986.0"
                    HEIGHT="64.0"
                    WC="0.9997648348410925"></String>
          </TextLine>
          <TextLine ID="line_8"
                    TAGREFS="LT52"
                    BASELINE="311 1093 997 1093" 
                    HPOS="311.0"
                    VPOS="1051.0"
                    WIDTH="686.0"
                    HEIGHT="62.0">
            <Shape><Polygon POINTS="311 1093 311 1105 453 1105 496 1113 497 1113 997 1103 997 1093 997 1066 945 1063 935 1053 935 1052 934 1052 933 1052 931 1052 930 1052 928 1052 913 1065 888 1058 887 1058 886 1058 884 1058 883 1058 871 1066 806 1066 745 1051 743 1051 742 1051 741 1051 722 1065 675 1065 647 1051 645 1051 644 1051 564 1063 543 1051 541 1051 540 1051 459 1051 457 1051 456 1051 455 1051 455 1052 440 1065 332 1058 331 1058 329 1058 311 1065 311 1093"/></Shape>
	    <String CONTENT="even if Jennie asks me to."
                    HPOS="311.0"
                    VPOS="1051.0"
                    WIDTH="686.0"
                    HEIGHT="62.0"
                    WC="0.9856060170210325"></String>
          </TextLine>
          <TextLine ID="line_9"
                    TAGREFS="LT52"
                    BASELINE="369 1176 1351 1170" 
                    HPOS="368.0"
                    VPOS="1127.0"
                    WIDTH="983.0"
                    HEIGHT="66.0">
            <Shape><Polygon POINTS="369 1176 369 1186 674 1186 716 1193 718 1193 719 1193 721 1193 731 1184 782 1191 783 1191 785 1191 786 1191 797 1183 866 1190 867 1190 869 1190 900 1181 918 1190 920 1190 921 1190 923 1190 948 1181 988 1190 989 1190 991 1190 1016 1181 1035 1191 1036 1191 1038 1191 1039 1191 1071 1183 1080 1190 1082 1190 1083 1190 1085 1191 1157 1191 1157 1190 1159 1190 1160 1190 1160 1188 1170 1180 1190 1187 1191 1187 1193 1187 1260 1180 1270 1188 1271 1188 1272 1188 1274 1190 1335 1190 1335 1188 1336 1188 1338 1188 1351 1179 1351 1170 1348 1142 1319 1142 1319 1140 1304 1127 1302 1127 1301 1127 1299 1127 1298 1127 1260 1140 1258 1142 995 1142 988 1139 962 1129 961 1129 960 1129 958 1129 957 1129 945 1139 941 1143 844 1143 839 1139 830 1132 830 1130 829 1130 827 1130 826 1130 824 1130 803 1139 790 1144 678 1144 667 1137 652 1130 651 1130 649 1130 570 1137 494 1144 455 1137 426 1132 425 1132 368 1136 369 1176"/></Shape>
	    <String CONTENT="For outside you have to creep on the"
                    HPOS="368.0"
                    VPOS="1127.0"
                    WIDTH="983.0"
                    HEIGHT="66.0"
                    WC="0.9961094210545222"></String>
          </TextLine>
          <TextLine ID="line_10"
                    TAGREFS="LT52"
                    BASELINE="311 1255 1355 1251" 
                    HPOS="310.0"
                    VPOS="1210.0"
                    WIDTH="1045.0"
                    HEIGHT="67.0">
            <Shape><Polygon POINTS="311 1255 311 1272 470 1267 489 1271 509 1277 510 1277 512 1277 513 1277 514 1277 521 1271 527 1267 580 1270 618 1272 620 1272 659 1270 708 1265 722 1268 746 1275 748 1275 749 1275 780 1268 789 1267 810 1268 923 1275 924 1275 925 1275 927 1275 937 1267 937 1265 981 1265 982 1265 1002 1275 1004 1275 1005 1275 1049 1265 1056 1264 1095 1264 1251 1270 1253 1270 1355 1261 1355 1251 1351 1211 1288 1220 1260 1211 1251 1210 1250 1210 1248 1210 1247 1210 1237 1213 1208 1220 1180 1213 1164 1210 1163 1210 1162 1210 1160 1210 1160 1211 1157 1213 1149 1221 978 1221 960 1216 944 1211 942 1211 941 1211 940 1211 938 1211 933 1217 925 1223 883 1223 873 1217 859 1211 857 1211 796 1211 795 1211 793 1211 778 1218 773 1221 651 1223 645 1220 631 1213 630 1213 628 1213 531 1221 519 1223 517 1223 506 1213 504 1213 503 1213 476 1213 475 1213 473 1213 472 1213 463 1221 310 1224 311 1255"/></Shape>
	    <String CONTENT="ground, and everything is green instead"
                    HPOS="310.0"
                    VPOS="1210.0"
                    WIDTH="1045.0"
                    HEIGHT="67.0"
                    WC="0.9899455981376843"></String>
          </TextLine>
          <TextLine ID="line_11"
                    TAGREFS="LT52"
                    BASELINE="312 1335 587 1335" 
                    HPOS="312.0"
                    VPOS="1289.0"
                    WIDTH="275.0"
                    HEIGHT="66.0">
            <Shape><Polygon POINTS="312 1335 312 1342 378 1353 379 1355 409 1355 409 1353 411 1353 412 1353 412 1352 421 1344 587 1342 587 1335 587 1305 512 1304 483 1289 482 1289 446 1289 445 1289 443 1289 442 1289 422 1302 359 1289 358 1289 357 1289 355 1289 355 1291 344 1302 312 1304 312 1335"/></Shape>
	    <String CONTENT="of yellow."
                    HPOS="312.0"
                    VPOS="1289.0"
                    WIDTH="275.0"
                    HEIGHT="66.0"
                    WC="0.9997016429901123"></String>
          </TextLine>
          <TextLine ID="line_12"
                    TAGREFS="LT52"
                    BASELINE="371 1416 1351 1410" 
                    HPOS="369.0"
                    VPOS="1368.0"
                    WIDTH="982.0"
                    HEIGHT="62.0">
            <Shape><Polygon POINTS="371 1416 371 1425 914 1430 915 1430 917 1430 918 1430 927 1423 933 1429 934 1429 935 1429 1025 1430 1026 1430 1028 1430 1029 1430 1036 1423 1053 1430 1055 1430 1056 1430 1160 1429 1162 1429 1163 1429 1171 1420 1191 1427 1193 1427 1237 1429 1238 1429 1240 1429 1241 1429 1253 1420 1274 1429 1275 1429 1277 1429 1336 1427 1338 1427 1339 1427 1351 1419 1351 1410 1348 1380 1317 1380 1317 1379 1304 1369 1304 1368 1302 1368 1301 1368 1299 1368 1298 1368 1258 1379 1235 1379 1156 1379 1139 1368 1137 1368 1136 1368 1135 1368 1082 1369 1080 1369 1062 1379 1058 1382 671 1382 665 1378 657 1371 655 1371 654 1371 621 1371 620 1371 618 1371 617 1371 617 1372 610 1378 604 1385 527 1385 519 1378 513 1372 512 1372 510 1372 509 1372 369 1376 371 1416"/></Shape>
	    <String CONTENT="But here I can creep smoothly on the"
                    HPOS="369.0"
                    VPOS="1368.0"
                    WIDTH="982.0"
                    HEIGHT="62.0"
                    WC="0.9860001703103384"></String>
          </TextLine>
          <TextLine ID="line_13"
                    TAGREFS="LT52"
                    BASELINE="312 1494 1356 1490" 
                    HPOS="311.0"
                    VPOS="1447.0"
                    WIDTH="1045.0"
                    HEIGHT="64.0">
            <Shape><Polygon POINTS="312 1494 312 1501 430 1511 432 1511 433 1511 463 1503 657 1511 658 1511 659 1511 681 1501 701 1508 702 1508 704 1510 770 1510 770 1508 772 1508 773 1508 783 1501 840 1510 842 1510 913 1503 923 1510 924 1510 925 1510 927 1511 1006 1511 1006 1510 1008 1510 1043 1500 1073 1507 1075 1507 1076 1507 1164 1500 1199 1508 1200 1508 1201 1508 1244 1500 1253 1507 1254 1507 1255 1507 1339 1508 1341 1508 1342 1508 1344 1508 1356 1499 1356 1490 1355 1459 1341 1449 1339 1449 1338 1449 1336 1449 1335 1449 1304 1459 1267 1447 1265 1447 1264 1447 1263 1447 1261 1447 1241 1460 1213 1460 1174 1447 1173 1447 1171 1447 1170 1447 1140 1459 1073 1447 1072 1447 1071 1447 1069 1447 1056 1459 1026 1450 1025 1450 1024 1450 1022 1450 995 1460 964 1449 962 1449 961 1449 960 1449 931 1460 813 1449 812 1449 810 1449 809 1449 795 1460 752 1460 716 1449 715 1449 714 1449 712 1449 711 1449 692 1462 594 1462 567 1450 566 1450 543 1450 541 1450 540 1450 539 1450 524 1462 398 1454 396 1454 395 1454 393 1454 382 1462 324 1450 322 1450 321 1450 320 1450 320 1452 311 1459 312 1494"/></Shape>
	    <String CONTENT="floor, and my shoulder just fits in that"
                    HPOS="311.0"
                    VPOS="1447.0"
                    WIDTH="1045.0"
                    HEIGHT="64.0"
                    WC="0.9961086258292198"></String>
          </TextLine>
          <TextLine ID="line_14"
                    TAGREFS="LT52"
                    BASELINE="314 1574 1352 1570" 
                    HPOS="312.0"
                    VPOS="1528.0"
                    WIDTH="1040.0"
                    HEIGHT="63.0">
            <Shape><Polygon POINTS="314 1574 314 1582 391 1591 392 1591 448 1584 642 1590 644 1590 645 1590 659 1582 942 1590 944 1590 1015 1581 1025 1588 1026 1588 1028 1588 1029 1590 1103 1590 1103 1588 1105 1588 1106 1588 1113 1581 1127 1588 1129 1588 1130 1588 1173 1581 1319 1588 1321 1588 1322 1588 1352 1578 1352 1570 1349 1540 1237 1540 1235 1538 1224 1528 1223 1528 1221 1528 1193 1528 1191 1528 1190 1528 1189 1528 1177 1538 1176 1538 1167 1538 1048 1528 1046 1528 1045 1528 1026 1537 1024 1540 971 1541 927 1541 923 1537 915 1531 915 1530 914 1530 913 1530 884 1530 883 1530 881 1530 880 1530 873 1537 869 1540 863 1537 850 1530 849 1530 847 1530 846 1530 820 1536 809 1540 658 1541 644 1536 635 1531 634 1531 632 1531 631 1531 615 1536 591 1541 312 1534 314 1574"/></Shape>
	    <String CONTENT="long smooch around the wall, so I can¬"
                    HPOS="312.0"
                    VPOS="1528.0"
                    WIDTH="1040.0"
                    HEIGHT="63.0"
                    WC="0.999655052235252"></String>
          </TextLine>
          <TextLine ID="line_15"
                    TAGREFS="LT52"
                    BASELINE="314 1654 776 1654" 
                    HPOS="314.0"
                    VPOS="1614.0"
                    WIDTH="462.0"
                    HEIGHT="59.0">
            <Shape><Polygon POINTS="314 1654 314 1661 365 1669 366 1669 368 1669 381 1662 389 1669 391 1669 392 1669 393 1669 395 1669 396 1669 408 1662 450 1669 452 1669 536 1662 580 1672 581 1673 613 1673 613 1672 614 1672 615 1672 615 1671 625 1662 741 1672 742 1672 743 1672 776 1661 776 1654 776 1625 524 1625 514 1617 513 1617 512 1617 510 1617 469 1622 446 1614 445 1614 443 1614 406 1621 389 1614 388 1614 386 1614 314 1624 314 1654"/></Shape>
	    <String CONTENT="not lose my way."
                    HPOS="314.0"
                    VPOS="1614.0"
                    WIDTH="462.0"
                    HEIGHT="59.0"
                    WC="0.9999412856996059"></String>
          </TextLine>
          <TextLine ID="line_16"
                    TAGREFS="LT52"
                    BASELINE="378 1732 1204 1735" 
                    HPOS="376.0"
                    VPOS="1683.0"
                    WIDTH="828.0"
                    HEIGHT="70.0">
            <Shape><Polygon POINTS="378 1732 376 1740 395 1749 396 1749 398 1749 440 1742 467 1752 469 1752 470 1753 527 1753 527 1752 529 1752 530 1752 530 1750 539 1742 557 1750 558 1750 560 1750 685 1742 718 1752 719 1752 721 1752 786 1745 910 1750 911 1750 913 1750 940 1743 982 1752 984 1752 985 1752 1021 1743 1203 1743 1204 1735 1203 1692 1177 1686 1176 1686 1174 1686 1173 1686 1173 1688 1169 1691 1160 1700 1102 1700 1068 1691 1056 1686 1055 1686 1053 1686 1052 1686 1051 1686 1051 1688 1048 1689 1036 1702 989 1702 967 1689 961 1686 960 1686 958 1686 957 1686 955 1686 952 1689 935 1700 911 1691 910 1691 908 1691 907 1691 906 1691 896 1700 820 1700 806 1688 806 1686 805 1686 803 1686 802 1686 800 1686 796 1688 772 1695 763 1686 762 1686 762 1685 760 1685 759 1685 736 1685 735 1685 733 1685 732 1685 731 1686 714 1699 682 1686 679 1685 678 1685 677 1685 675 1685 674 1685 674 1686 652 1700 594 1700 570 1685 568 1685 567 1685 566 1685 564 1685 563 1685 541 1700 476 1700 462 1686 462 1685 460 1685 459 1685 378 1683 378 1732"/></Shape>
	    <String CONTENT="Why, there’s John at the door!"
                    HPOS="376.0"
                    VPOS="1683.0"
                    WIDTH="828.0"
                    HEIGHT="70.0"
                    WC="0.9996751844882965"></String>
          </TextLine>
          <TextLine ID="line_17"
                    TAGREFS="LT52"
                    BASELINE="369 1814 1358 1814" 
                    HPOS="369.0"
                    VPOS="1773.0"
                    WIDTH="989.0"
                    HEIGHT="61.0">
            <Shape><Polygon POINTS="369 1814 369 1821 412 1830 413 1830 415 1830 432 1823 479 1830 480 1830 482 1830 499 1823 547 1830 549 1830 618 1823 698 1834 699 1834 701 1834 729 1826 738 1834 739 1834 741 1834 742 1834 814 1824 914 1834 915 1834 917 1834 918 1834 918 1833 930 1823 944 1830 945 1830 1063 1834 1065 1834 1066 1834 1068 1834 1078 1827 1115 1834 1116 1834 1117 1834 1156 1823 1163 1830 1164 1830 1166 1830 1167 1830 1169 1830 1194 1823 1228 1830 1230 1830 1358 1821 1358 1814 1358 1780 1348 1773 1346 1773 1345 1773 1344 1773 1260 1783 1254 1783 1253 1783 1238 1776 1237 1776 1235 1776 1234 1776 1233 1776 1223 1783 1217 1786 1196 1783 1164 1777 1105 1777 1103 1777 1102 1777 1100 1777 1095 1782 1088 1786 1061 1782 1042 1779 1041 1779 998 1782 920 1786 913 1780 911 1779 910 1779 908 1779 756 1779 755 1779 748 1779 708 1786 672 1779 662 1777 661 1777 647 1779 590 1786 574 1779 573 1777 571 1777 570 1777 560 1777 500 1786 467 1777 452 1773 450 1773 449 1773 448 1773 446 1773 446 1774 442 1777 433 1784 425 1777 421 1773 419 1773 418 1773 416 1773 369 1776 369 1814"/></Shape>
	    <String CONTENT="It is no use, young man, you can’t"
                    HPOS="369.0"
                    VPOS="1773.0"
                    WIDTH="989.0"
                    HEIGHT="61.0"
                    WC="0.9987315798507017"></String>
          </TextLine>
          <TextLine ID="line_18"
                    TAGREFS="LT52"
                    BASELINE="315 1891 547 1891" 
                    HPOS="315.0"
                    VPOS="1846.0"
                    WIDTH="232.0"
                    HEIGHT="66.0">
            <Shape><Polygon POINTS="315 1891 315 1898 342 1911 344 1911 345 1912 376 1912 376 1911 378 1911 379 1911 379 1910 388 1902 442 1907 443 1907 445 1907 446 1907 446 1905 453 1900 530 1907 531 1907 533 1907 547 1898 547 1891 547 1853 541 1847 541 1846 540 1846 539 1846 479 1846 477 1846 476 1846 475 1846 475 1847 463 1857 460 1861 315 1861 315 1891"/></Shape>
	    <String CONTENT="open it!"
                    HPOS="315.0"
                    VPOS="1846.0"
                    WIDTH="232.0"
                    HEIGHT="66.0"
                    WC="0.9996343031525612"></String>
          </TextLine>
          <TextLine ID="line_19"
                    TAGREFS="LT52"
                    BASELINE="375 1972 1166 1969" 
                    HPOS="374.0"
                    VPOS="1924.0"
                    WIDTH="792.0"
                    HEIGHT="65.0">
            <Shape><Polygon POINTS="375 1972 375 1982 581 1989 583 1989 584 1989 585 1989 595 1982 597 1982 641 1982 677 1982 722 1989 723 1989 725 1989 748 1982 766 1989 768 1989 769 1989 856 1981 859 1981 861 1981 1004 1989 1005 1989 1039 1982 1153 1988 1154 1988 1156 1988 1157 1988 1166 1979 1166 1969 1163 1928 1119 1924 1117 1924 1116 1924 1115 1924 1115 1925 1110 1928 1100 1939 971 1939 962 1929 957 1925 957 1924 955 1924 954 1924 952 1924 951 1924 938 1929 921 1939 859 1939 850 1931 844 1925 844 1924 843 1924 842 1924 840 1924 799 1931 753 1941 675 1941 661 1932 647 1925 645 1925 628 1925 627 1925 625 1925 624 1925 624 1927 617 1932 610 1941 566 1941 560 1934 551 1927 551 1925 550 1925 549 1925 547 1925 546 1925 526 1934 516 1938 462 1938 456 1935 438 1925 436 1925 379 1925 378 1925 376 1925 375 1925 375 1927 374 1927 375 1972"/></Shape>
	    <String CONTENT="How he does call and pound!"
                    HPOS="374.0"
                    VPOS="1924.0"
                    WIDTH="792.0"
                    HEIGHT="65.0"
                    WC="0.9984213776058621"></String>
          </TextLine>
        </TextBlock>
        <TextBlock HPOS="790"
                   VPOS="2007"
                   WIDTH="79"
                   HEIGHT="68"
                   ID="block_1"
                   TAGREFS="BT15">
          <Shape><Polygon POINTS="869 2007 869 2075 790 2075 790 2007"/></Shape>
          <TextLine ID="line_20"
                    TAGREFS="LT52"
                    BASELINE="803 2059 849 2055" 
                    HPOS="797.0"
                    VPOS="2005.0"
                    WIDTH="52.0"
                    HEIGHT="64.0">
            <Shape><Polygon POINTS="803 2059 803 2069 849 2069 849 2055 842 2005 797 2011 803 2059"/></Shape>
	    <String CONTENT="53"
                    HPOS="797.0"
                    VPOS="2005.0"
                    WIDTH="52.0"
                    HEIGHT="64.0"
                    WC="0.9998455345630646"></String>
          </TextLine>
        </TextBlock>
        <TextBlock HPOS="342"
                   VPOS="336"
                   WIDTH="984"
                   HEIGHT="114"
                   ID="eSc_textblock_0725ab5e"
                   TAGREFS="BT18">
          <Shape><Polygon POINTS="342 336 342 446 1326 450 1326 336"/></Shape>
        </TextBlock>
      </PrintSpace>
    </Page>
  </Layout>
</alto>
