1785 2560
460.0 376.0 1006.0 72.0 THE YELLOW WALL PAPER

435.0 493.0 1045.0 63.0 I used to lie awake as a child and get

433.0 577.0 1037.0 58.0 more entertainment and terror out of

433.0 652.0 1046.0 66.0 blank walls and plain furniture than

433.0 735.0 1040.0 64.0 most children could find in a toy¬

435.0 822.0 163.0 46.0 store.

492.0 893.0 984.0 64.0 I remember what a kindly wink the

432.0 975.0 1045.0 63.0 knobs of our big old bureau used to

432.0 1056.0 1047.0 60.0 have, and there was one chair that

433.0 1136.0 997.0 62.0 always seemed like a strong friend.

493.0 1213.0 983.0 64.0 I used to feel that if any of the other

433.0 1294.0 1040.0 64.0 things looked too fierce I could always

436.0 1375.0 832.0 62.0 hop into that chair and be safe.

497.0 1454.0 976.0 54.0 The furniture in this room is no

438.0 1544.0 1036.0 47.0 worse than inharmonious, however, for

439.0 1617.0 1035.0 61.0 we had to bring it all from downstairs.

433.0 1695.0 1039.0 65.0 I suppose when this was used as a play¬

432.0 1777.0 1037.0 63.0 room they had to take the nursery things

430.0 1857.0 1042.0 58.0 out, and no wonder! I never saw such

432.0 1937.0 1040.0 55.0 ravages as the children have made here.

923.0 1999.0 62.0 60.0 16
