<?xml version="1.0" encoding="UTF-8"?>
<alto xmlns:xsi="http://www.w3.org/2001/XMLSchema-instance"
      xmlns="http://www.loc.gov/standards/alto/ns-v4#"
      xsi:schemaLocation="http://www.loc.gov/standards/alto/ns-v4# http://www.loc.gov/standards/alto/v4/alto-4-2.xsd">
  <Description>
    <MeasurementUnit>pixel</MeasurementUnit>
    <sourceImageInformation>
      <fileName>page_00043.png</fileName>
    </sourceImageInformation>
  </Description>
  <Tags>
    <OtherTag ID="BT7" LABEL="CustomZone" DESCRIPTION="block type CustomZone"/><OtherTag ID="BT8" LABEL="DamageZone" DESCRIPTION="block type DamageZone"/><OtherTag ID="BT9" LABEL="DigitizationArtefactZone" DESCRIPTION="block type DigitizationArtefactZone"/><OtherTag ID="BT10" LABEL="DropCapitalZone" DESCRIPTION="block type DropCapitalZone"/><OtherTag ID="BT11" LABEL="GraphicZone" DESCRIPTION="block type GraphicZone"/><OtherTag ID="BT12" LABEL="MainZone" DESCRIPTION="block type MainZone"/><OtherTag ID="BT13" LABEL="MarginTextZone" DESCRIPTION="block type MarginTextZone"/><OtherTag ID="BT14" LABEL="MusicZone" DESCRIPTION="block type MusicZone"/><OtherTag ID="BT15" LABEL="NumberingZone" DESCRIPTION="block type NumberingZone"/><OtherTag ID="BT17" LABEL="QuireMarksZone" DESCRIPTION="block type QuireMarksZone"/><OtherTag ID="BT18" LABEL="RunningTitleZone" DESCRIPTION="block type RunningTitleZone"/><OtherTag ID="BT19" LABEL="SealZone" DESCRIPTION="block type SealZone"/><OtherTag ID="BT20" LABEL="StampZone" DESCRIPTION="block type StampZone"/><OtherTag ID="BT21" LABEL="TableZone" DESCRIPTION="block type TableZone"/><OtherTag ID="BT22" LABEL="TitlePageZone" DESCRIPTION="block type TitlePageZone"/>
    <OtherTag ID="LT7" LABEL="CustomLine" DESCRIPTION="line type CustomLine"/><OtherTag ID="LT8" LABEL="DefaultLine" DESCRIPTION="line type DefaultLine"/><OtherTag ID="LT9" LABEL="DropCapitalLine" DESCRIPTION="line type DropCapitalLine"/><OtherTag ID="LT10" LABEL="HeadingLine" DESCRIPTION="line type HeadingLine"/><OtherTag ID="LT11" LABEL="InterlinearLine" DESCRIPTION="line type InterlinearLine"/><OtherTag ID="LT12" LABEL="MusicLine" DESCRIPTION="line type MusicLine"/><OtherTag ID="LT52" LABEL="default" DESCRIPTION="line type default"/>
  </Tags>
  <Layout>
    <Page WIDTH="1785"
          HEIGHT="2560"
          PHYSICAL_IMG_NR="41"
          ID="eSc_dummypage_">
      <PrintSpace HPOS="0"
                  VPOS="0"
                  WIDTH="1785"
                  HEIGHT="2560">
        <TextBlock HPOS="291"
                   VPOS="484"
                   WIDTH="1077"
                   HEIGHT="1526"
                   ID="block_0"
                   TAGREFS="BT12">
          <Shape><Polygon POINTS="1364 492 1368 2010 291 2010 295 484"/></Shape>
          <TextLine ID="line_0"
                    TAGREFS="LT52"
                    BASELINE="332 429 1335 432" 
                    HPOS="331.0"
                    VPOS="375.0"
                    WIDTH="1004.0"
                    HEIGHT="73.0">
            <Shape><Polygon POINTS="332 429 331 438 339 445 341 445 342 445 344 446 467 446 467 445 469 445 470 445 480 438 526 445 527 445 701 438 766 445 768 445 769 445 770 445 779 439 786 445 787 445 789 445 790 445 833 438 873 446 874 446 876 446 877 446 886 440 893 446 894 446 896 446 897 446 898 446 900 446 911 439 921 446 923 446 924 446 925 448 1061 448 1061 446 1062 446 1063 446 1072 439 1321 446 1322 446 1324 446 1325 446 1334 438 1335 432 1335 388 1199 379 1197 379 1196 379 1194 379 1184 386 1174 378 1174 376 1173 376 1171 376 1170 376 1169 376 1167 376 1154 385 1153 386 1150 385 1127 378 1126 378 1125 378 1123 378 1103 385 1098 388 962 388 958 384 951 378 950 378 948 378 947 378 945 378 944 378 937 384 931 386 901 384 860 379 859 379 857 379 846 384 836 386 827 382 812 376 810 376 716 376 715 376 714 376 712 376 706 382 702 385 685 382 658 376 657 376 655 376 654 376 647 381 640 385 632 381 620 375 618 375 617 375 514 376 513 376 512 376 509 381 502 385 332 379 332 429"/></Shape>
	    <String CONTENT="THE YELLOW WALL PAPER"
                    HPOS="331.0"
                    VPOS="375.0"
                    WIDTH="1004.0"
                    HEIGHT="73.0"
                    WC="0.9997592937378657"></String>
          </TextLine>
          <TextLine ID="line_1"
                    TAGREFS="LT52"
                    BASELINE="364 540 1346 543" 
                    HPOS="362.0"
                    VPOS="494.0"
                    WIDTH="984.0"
                    HEIGHT="69.0">
            <Shape><Polygon POINTS="1317 502 1309 502 1305 506 1299 502 1288 502 1274 502 1265 502 1255 504 1251 502 1245 502 1231 502 1217 502 1203 502 1191 502 1174 509 1149 502 1146 502 1132 502 1119 502 1109 510 1109 512 1089 512 1089 510 1048 502 1046 502 1032 502 1018 502 1012 502 1002 510 1002 512 977 512 965 510 934 510 914 502 904 502 890 502 881 502 856 510 854 510 830 502 819 502 805 502 790 502 776 502 762 502 748 502 745 502 736 509 648 506 635 502 634 502 620 502 605 502 595 502 577 510 513 510 465 510 463 509 423 502 421 502 419 500 384 494 382 494 381 494 379 494 364 504 364 540 362 546 393 557 395 557 396 557 523 548 536 558 536 560 537 560 539 560 540 560 704 550 731 548 762 550 837 556 839 556 869 551 883 550 898 551 971 561 972 561 974 561 995 553 1002 550 1012 553 1042 561 1043 561 1045 563 1075 563 1075 561 1076 561 1078 561 1086 554 1092 550 1119 554 1167 561 1169 561 1200 554 1204 554 1210 556 1235 561 1237 561 1238 561 1345 556 1346 543 1346 512 1325 502 1317 502"/></Shape>
	    <String CONTENT="ON a pattern like this, by daylight,"
                    HPOS="362.0"
                    VPOS="494.0"
                    WIDTH="984.0"
                    HEIGHT="69.0"
                    WC="0.9986559732092751"></String>
          </TextLine>
          <TextLine ID="line_2"
                    TAGREFS="LT52"
                    BASELINE="307 620 1346 620" 
                    HPOS="307.0"
                    VPOS="578.0"
                    WIDTH="1039.0"
                    HEIGHT="62.0">
            <Shape><Polygon POINTS="307 620 307 630 806 630 867 638 869 640 1062 640 1062 638 1063 638 1065 638 1073 630 1100 638 1102 638 1103 638 1105 638 1106 638 1116 630 1173 638 1174 640 1332 640 1332 638 1334 638 1335 638 1346 630 1346 620 1346 591 1248 591 1224 578 1223 578 1221 578 1220 578 1183 587 1142 578 1140 578 1139 578 1137 578 1123 591 839 591 769 578 768 578 706 590 692 578 691 578 689 578 665 578 664 578 662 578 640 590 594 578 593 578 591 578 590 578 588 578 576 590 551 583 550 583 549 583 509 590 469 578 467 578 466 578 465 578 463 578 449 591 368 591 354 578 352 578 351 578 321 578 320 578 318 578 317 578 317 580 307 588 307 620"/></Shape>
	    <String CONTENT="there is a lack of sequence, a defiance"
                    HPOS="307.0"
                    VPOS="578.0"
                    WIDTH="1039.0"
                    HEIGHT="62.0"
                    WC="0.9965357673473847"></String>
          </TextLine>
          <TextLine ID="line_3"
                    TAGREFS="LT52"
                    BASELINE="307 699 1342 702" 
                    HPOS="305.0"
                    VPOS="657.0"
                    WIDTH="1037.0"
                    HEIGHT="61.0">
            <Shape><Polygon POINTS="307 699 305 708 320 716 321 716 322 716 324 716 369 709 395 716 396 716 398 718 504 718 504 716 506 716 507 716 516 709 530 716 531 716 533 716 628 709 755 709 806 709 823 716 824 716 826 716 1016 711 1071 718 1072 718 1341 711 1342 702 1341 672 1255 669 1243 658 1241 658 1240 658 1238 658 1237 658 1235 658 1221 671 1193 658 1191 658 1190 658 1146 668 1115 658 1113 658 1112 658 1052 667 1024 658 1022 658 1021 658 1019 658 1018 658 999 671 985 658 984 658 982 658 981 658 979 658 940 669 903 658 901 658 900 658 898 658 867 669 793 662 792 662 750 669 733 662 732 662 731 662 696 669 695 669 651 657 649 657 648 657 647 657 645 657 630 668 615 657 614 657 613 657 611 657 610 657 573 668 540 657 539 657 537 657 536 657 534 657 513 669 512 671 438 671 436 669 412 657 411 657 354 657 352 657 351 657 349 657 349 658 338 668 307 668 307 699"/></Shape>
	    <String CONTENT="of law, that is a constant irritant to a"
                    HPOS="305.0"
                    VPOS="657.0"
                    WIDTH="1037.0"
                    HEIGHT="61.0"
                    WC="0.980692483484745"></String>
          </TextLine>
          <TextLine ID="line_4"
                    TAGREFS="LT52"
                    BASELINE="308 782 688 777" 
                    HPOS="307.0"
                    VPOS="736.0"
                    WIDTH="381.0"
                    HEIGHT="54.0">
            <Shape><Polygon POINTS="308 782 308 790 686 787 688 777 686 749 661 736 659 736 658 736 657 736 622 748 580 736 578 736 577 736 576 736 529 749 476 738 475 738 473 738 450 749 439 743 438 743 436 743 374 750 362 743 361 743 359 743 358 743 307 752 308 782"/></Shape>
	    <String CONTENT="normal mind."
                    HPOS="307.0"
                    VPOS="736.0"
                    WIDTH="381.0"
                    HEIGHT="54.0"
                    WC="0.9999890526135763"></String>
          </TextLine>
          <TextLine ID="line_5"
                    TAGREFS="LT52"
                    BASELINE="371 863 1349 863" 
                    HPOS="371.0"
                    VPOS="816.0"
                    WIDTH="978.0"
                    HEIGHT="64.0">
            <Shape><Polygon POINTS="371 863 371 870 385 877 386 877 388 878 473 878 473 877 475 877 476 877 485 870 952 877 954 877 998 870 1006 877 1008 877 1009 877 1011 877 1093 871 1115 878 1116 878 1117 880 1208 880 1208 878 1210 878 1211 878 1221 870 1332 877 1334 877 1335 877 1349 868 1349 863 1349 822 1324 816 1322 816 1321 816 1319 816 1318 816 1318 817 1311 823 1302 832 1191 833 1170 822 1159 816 1157 816 1156 816 1154 816 1144 822 1126 832 1078 824 1076 824 1075 824 1073 824 1062 832 1012 826 1011 826 967 833 954 824 952 824 951 824 950 824 876 830 856 820 847 816 846 816 844 816 812 820 789 823 779 820 766 816 765 816 763 816 762 816 753 820 728 833 696 820 688 816 686 816 685 816 684 816 682 816 678 819 659 833 597 819 580 816 578 816 577 816 571 819 550 830 536 824 534 824 533 824 531 824 530 824 519 834 485 834 476 826 475 826 473 826 472 826 470 826 452 830 439 819 436 816 435 816 433 816 432 816 371 817 371 863"/></Shape>
	    <String CONTENT="The color is hideous enough, and"
                    HPOS="371.0"
                    VPOS="816.0"
                    WIDTH="978.0"
                    HEIGHT="64.0"
                    WC="0.9930158723145723"></String>
          </TextLine>
          <TextLine ID="line_6"
                    TAGREFS="LT52"
                    BASELINE="307 941 1339 944" 
                    HPOS="305.0"
                    VPOS="896.0"
                    WIDTH="1034.0"
                    HEIGHT="64.0">
            <Shape><Polygon POINTS="307 941 305 948 320 958 321 958 322 958 324 958 398 951 408 958 409 958 411 958 412 958 563 957 564 957 566 957 576 950 577 948 603 950 721 957 722 957 723 957 725 957 731 951 735 948 742 951 756 958 758 958 759 958 910 954 1065 950 1336 960 1339 944 1336 905 1309 911 1288 905 1261 897 1260 897 1258 897 1257 897 1238 905 1235 907 1230 905 1197 897 1196 897 1194 897 1193 897 1171 905 1169 907 1164 905 1130 897 1129 897 1127 897 1126 897 1100 905 1076 897 1075 897 1073 897 1072 897 1071 897 1059 907 1049 915 1026 915 1016 907 1005 897 1004 897 1002 897 982 897 981 897 979 897 978 897 965 907 964 910 840 914 833 908 820 897 820 896 819 896 817 896 797 896 796 896 795 896 770 908 768 910 745 908 657 904 655 904 654 904 652 904 645 910 640 914 577 914 570 910 543 896 541 896 493 896 492 896 490 896 489 896 475 905 463 896 462 896 460 896 432 896 430 896 429 896 428 896 402 911 307 911 307 941"/></Shape>
	    <String CONTENT="unreliable enough, and infuriating"
                    HPOS="305.0"
                    VPOS="896.0"
                    WIDTH="1034.0"
                    HEIGHT="64.0"
                    WC="0.9978895730832044"></String>
          </TextLine>
          <TextLine ID="line_7"
                    TAGREFS="LT52"
                    BASELINE="307 1024 1338 1024" 
                    HPOS="307.0"
                    VPOS="979.0"
                    WIDTH="1031.0"
                    HEIGHT="64.0">
            <Shape><Polygon POINTS="307 1024 307 1031 324 1039 325 1039 327 1039 405 1032 430 1042 432 1042 433 1043 517 1043 517 1042 519 1042 520 1042 531 1032 533 1032 770 1032 773 1033 783 1042 785 1042 786 1042 787 1042 925 1035 981 1032 1336 1036 1338 1024 1338 994 1294 994 1265 979 1264 979 1263 979 1203 989 1179 979 1177 979 1176 979 1174 979 1143 989 1106 979 1105 979 1103 979 1102 979 1100 979 1085 994 1059 994 1018 979 1016 979 1015 979 1014 979 1012 979 995 994 975 994 861 979 860 979 859 979 857 979 846 989 753 992 682 979 681 979 679 979 678 979 662 994 642 994 627 979 625 979 624 979 622 979 580 988 546 979 544 979 543 979 541 979 540 979 524 994 507 994 492 979 490 979 489 979 467 979 466 979 465 979 439 994 307 994 307 1024"/></Shape>
	    <String CONTENT="enough, but the pattern is torturing."
                    HPOS="307.0"
                    VPOS="979.0"
                    WIDTH="1031.0"
                    HEIGHT="64.0"
                    WC="0.9994134838516647"></String>
          </TextLine>
          <TextLine ID="line_8"
                    TAGREFS="LT52"
                    BASELINE="374 1103 1349 1103" 
                    HPOS="374.0"
                    VPOS="1058.0"
                    WIDTH="975.0"
                    HEIGHT="61.0">
            <Shape><Polygon POINTS="374 1103 374 1109 389 1117 391 1117 392 1117 393 1117 422 1110 433 1119 435 1119 436 1119 438 1119 439 1119 456 1112 477 1119 479 1119 480 1119 482 1119 483 1119 494 1110 496 1110 537 1117 539 1117 640 1112 669 1110 675 1112 695 1119 696 1119 698 1119 762 1117 763 1117 765 1117 769 1113 772 1112 773 1113 779 1117 780 1117 782 1117 783 1117 785 1117 799 1113 810 1110 843 1113 884 1117 886 1117 908 1115 933 1110 941 1115 947 1117 948 1117 950 1117 951 1117 960 1115 971 1110 1194 1116 1240 1117 1241 1117 1245 1117 1285 1110 1348 1117 1349 1103 1349 1073 1309 1058 1308 1058 1307 1058 1305 1058 1274 1073 1272 1073 1248 1058 1247 1058 1245 1058 1244 1058 1243 1058 1210 1069 1139 1069 1126 1059 1125 1059 1123 1059 1122 1059 1120 1059 1093 1070 1090 1070 1071 1069 1022 1066 1021 1066 1004 1068 970 1073 961 1068 958 1065 957 1065 955 1065 954 1065 925 1066 880 1070 867 1066 847 1058 846 1058 844 1058 843 1058 842 1058 833 1065 823 1073 716 1065 715 1065 671 1073 655 1062 651 1058 649 1058 648 1058 647 1058 645 1058 630 1062 613 1066 605 1060 601 1058 600 1058 598 1058 547 1058 546 1058 544 1058 543 1058 540 1060 519 1075 487 1075 452 1072 430 1058 429 1058 428 1058 374 1058 374 1103"/></Shape>
	    <String CONTENT="You think you have mastered it,"
                    HPOS="374.0"
                    VPOS="1058.0"
                    WIDTH="975.0"
                    HEIGHT="61.0"
                    WC="0.999643212364566"></String>
          </TextLine>
          <TextLine ID="line_9"
                    TAGREFS="LT52"
                    BASELINE="310 1183 1348 1183" 
                    HPOS="310.0"
                    VPOS="1140.0"
                    WIDTH="1038.0"
                    HEIGHT="63.0">
            <Shape><Polygon POINTS="310 1183 310 1190 415 1201 416 1201 526 1191 527 1191 530 1191 590 1198 591 1198 593 1198 610 1191 621 1201 622 1201 624 1201 625 1201 694 1191 696 1191 736 1191 738 1191 749 1201 750 1201 752 1201 753 1201 840 1191 844 1191 849 1191 888 1198 890 1198 891 1198 893 1198 901 1191 915 1198 917 1198 918 1198 1169 1191 1207 1191 1208 1191 1228 1201 1230 1201 1231 1203 1264 1203 1264 1201 1265 1201 1267 1201 1278 1191 1280 1191 1346 1191 1348 1183 1348 1152 1314 1140 1312 1140 1311 1140 1309 1140 1277 1152 1230 1152 1164 1152 1154 1150 1090 1140 1089 1140 1001 1149 988 1150 987 1149 977 1142 977 1140 975 1140 974 1140 930 1140 928 1140 927 1140 913 1149 907 1152 857 1152 849 1147 832 1140 830 1140 829 1140 787 1147 759 1153 530 1153 519 1144 513 1140 512 1140 510 1140 509 1140 507 1140 497 1144 477 1153 408 1153 396 1143 393 1140 392 1140 391 1140 389 1140 388 1140 381 1143 362 1150 310 1143 310 1183"/></Shape>
	    <String CONTENT="but just as you get well under way in"
                    HPOS="310.0"
                    VPOS="1140.0"
                    WIDTH="1038.0"
                    HEIGHT="63.0"
                    WC="0.9923576889811335"></String>
          </TextLine>
          <TextLine ID="line_10"
                    TAGREFS="LT52"
                    BASELINE="308 1261 1348 1264" 
                    HPOS="307.0"
                    VPOS="1218.0"
                    WIDTH="1041.0"
                    HEIGHT="63.0">
            <Shape><Polygon POINTS="308 1261 307 1270 317 1278 317 1280 318 1280 320 1280 321 1281 419 1281 419 1280 421 1280 422 1280 435 1271 519 1280 520 1281 577 1281 577 1280 578 1280 580 1280 590 1271 634 1278 635 1278 637 1278 638 1278 648 1271 649 1271 1345 1277 1348 1264 1348 1233 1319 1220 1318 1220 1317 1220 1157 1233 1139 1233 1026 1233 1026 1231 1011 1220 1009 1220 1008 1220 1006 1220 1005 1220 964 1231 962 1231 920 1220 918 1220 894 1220 893 1220 891 1220 890 1220 877 1231 876 1231 840 1231 726 1230 686 1218 685 1218 684 1218 682 1218 681 1218 667 1231 648 1231 634 1218 632 1218 631 1218 605 1218 604 1218 603 1218 601 1218 587 1230 512 1230 497 1218 496 1218 494 1218 493 1218 425 1230 402 1218 401 1218 327 1218 325 1218 324 1218 322 1218 308 1227 308 1261"/></Shape>
	    <String CONTENT="following, it turns a back somersault,"
                    HPOS="307.0"
                    VPOS="1218.0"
                    WIDTH="1041.0"
                    HEIGHT="63.0"
                    WC="0.9894051238110191"></String>
          </TextLine>
          <TextLine ID="line_11"
                    TAGREFS="LT52"
                    BASELINE="308 1344 1351 1341" 
                    HPOS="307.0"
                    VPOS="1299.0"
                    WIDTH="1044.0"
                    HEIGHT="62.0">
            <Shape><Polygon POINTS="308 1344 308 1352 567 1352 614 1361 615 1361 617 1361 654 1352 778 1358 779 1358 917 1351 920 1351 923 1351 1021 1359 1022 1359 1024 1359 1055 1351 1063 1359 1065 1359 1066 1359 1068 1361 1130 1361 1130 1359 1132 1359 1133 1359 1143 1352 1332 1358 1334 1358 1335 1358 1351 1349 1351 1341 1348 1314 1317 1314 1301 1299 1299 1299 1298 1299 1272 1299 1271 1299 1270 1299 1268 1299 1253 1312 1194 1299 1193 1299 1191 1299 1190 1299 1174 1314 1055 1314 945 1299 944 1299 942 1299 915 1312 901 1299 900 1299 898 1299 859 1299 857 1299 856 1299 826 1314 721 1305 719 1305 718 1305 716 1305 702 1315 567 1315 551 1305 550 1305 549 1305 547 1305 483 1311 470 1301 469 1301 467 1301 466 1301 425 1308 388 1301 386 1301 385 1301 384 1301 371 1311 328 1307 327 1307 325 1307 307 1314 308 1344"/></Shape>
	    <String CONTENT="and there you are. It slaps you in the"
                    HPOS="307.0"
                    VPOS="1299.0"
                    WIDTH="1044.0"
                    HEIGHT="62.0"
                    WC="0.9951442119322325"></String>
          </TextLine>
          <TextLine ID="line_12"
                    TAGREFS="LT52"
                    BASELINE="311 1425 1348 1420" 
                    HPOS="310.0"
                    VPOS="1379.0"
                    WIDTH="1038.0"
                    HEIGHT="64.0">
            <Shape><Polygon POINTS="311 1425 311 1433 392 1433 433 1443 435 1443 436 1443 438 1443 439 1443 439 1442 450 1433 493 1440 494 1440 652 1433 698 1442 699 1442 701 1442 738 1432 847 1439 849 1439 906 1432 960 1442 961 1442 962 1442 964 1442 975 1432 994 1439 995 1439 997 1439 1115 1430 1126 1437 1127 1437 1129 1437 1265 1440 1267 1440 1332 1439 1334 1439 1335 1439 1348 1429 1348 1420 1345 1392 1305 1390 1294 1380 1294 1379 1292 1379 1291 1379 1290 1379 1187 1390 1126 1379 1125 1379 1123 1379 1102 1390 1089 1379 1088 1379 1086 1379 1061 1379 1059 1379 1058 1379 1056 1379 1043 1389 1005 1385 1004 1385 1002 1385 1001 1385 988 1392 863 1392 813 1380 812 1380 810 1380 809 1380 795 1392 722 1385 721 1385 654 1393 613 1382 611 1382 610 1382 531 1393 460 1382 459 1382 457 1382 456 1382 442 1395 421 1395 322 1382 321 1382 320 1382 318 1382 318 1383 310 1390 311 1425"/></Shape>
	    <String CONTENT="face, knocks you down, and tramples"
                    HPOS="310.0"
                    VPOS="1379.0"
                    WIDTH="1038.0"
                    HEIGHT="64.0"
                    WC="0.999743778364999"></String>
          </TextLine>
          <TextLine ID="line_13"
                    TAGREFS="LT52"
                    BASELINE="314 1506 1301 1500" 
                    HPOS="312.0"
                    VPOS="1457.0"
                    WIDTH="989.0"
                    HEIGHT="66.0">
            <Shape><Polygon POINTS="314 1506 314 1511 341 1523 342 1523 344 1523 411 1513 507 1523 509 1523 510 1523 546 1513 554 1520 556 1520 557 1520 558 1520 600 1511 692 1520 694 1520 695 1520 696 1520 708 1511 763 1518 765 1518 766 1518 768 1518 778 1511 849 1517 850 1517 907 1510 960 1518 961 1518 962 1518 995 1510 1015 1520 1016 1520 1018 1520 1089 1517 1090 1517 1092 1517 1100 1508 1120 1517 1122 1517 1123 1517 1169 1511 1177 1518 1179 1518 1180 1518 1181 1520 1275 1520 1275 1518 1277 1518 1301 1506 1301 1500 1298 1474 1173 1470 1149 1457 1147 1457 1146 1457 1144 1457 1109 1469 1076 1457 1075 1457 1073 1457 1072 1457 1071 1457 1071 1459 1056 1472 1032 1472 1001 1459 999 1459 998 1459 997 1459 995 1459 978 1474 958 1466 957 1466 955 1466 908 1474 863 1459 861 1459 807 1459 806 1459 805 1459 803 1459 803 1460 786 1476 752 1460 750 1460 732 1460 731 1460 729 1460 728 1460 712 1474 695 1460 694 1460 692 1460 652 1460 651 1460 649 1460 648 1460 630 1476 320 1469 318 1469 317 1469 315 1469 315 1470 314 1470 312 1470 314 1506"/></Shape>
	    <String CONTENT="upon you. It is like a bad dream."
                    HPOS="312.0"
                    VPOS="1457.0"
                    WIDTH="989.0"
                    HEIGHT="66.0"
                    WC="0.9994646130186139"></String>
          </TextLine>
          <TextLine ID="line_14"
                    TAGREFS="LT52"
                    BASELINE="374 1585 1348 1578" 
                    HPOS="372.0"
                    VPOS="1534.0"
                    WIDTH="976.0"
                    HEIGHT="68.0">
            <Shape><Polygon POINTS="374 1585 374 1592 685 1600 686 1600 688 1600 708 1592 716 1601 718 1601 719 1601 721 1602 755 1602 755 1601 790 1594 904 1598 906 1598 907 1598 908 1598 918 1591 972 1598 974 1598 975 1598 977 1598 988 1590 1038 1598 1039 1598 1041 1598 1065 1590 1073 1598 1075 1598 1076 1598 1078 1600 1152 1600 1152 1598 1207 1597 1208 1597 1210 1597 1218 1588 1244 1597 1245 1597 1247 1598 1319 1598 1319 1597 1321 1597 1348 1585 1348 1578 1345 1551 1228 1551 1227 1550 1210 1534 1208 1534 1207 1534 1206 1534 1204 1534 1184 1541 1167 1534 1166 1534 1164 1534 1163 1534 1136 1550 1135 1550 1132 1550 1086 1536 1085 1536 1083 1536 1082 1536 1080 1536 1066 1548 1062 1553 988 1553 982 1548 962 1536 961 1536 960 1536 958 1536 957 1536 955 1536 935 1548 925 1553 833 1550 832 1547 820 1538 819 1538 817 1538 816 1538 765 1547 723 1555 702 1555 688 1547 675 1538 674 1538 672 1538 621 1538 620 1538 618 1538 603 1545 601 1547 600 1545 587 1540 585 1540 584 1540 556 1545 513 1555 469 1547 467 1547 466 1547 456 1553 448 1545 442 1540 440 1540 439 1540 438 1540 372 1544 374 1585"/></Shape>
	    <String CONTENT="The outside pattern is a florid ara¬"
                    HPOS="372.0"
                    VPOS="1534.0"
                    WIDTH="976.0"
                    HEIGHT="68.0"
                    WC="0.9990817921029197"></String>
          </TextLine>
          <TextLine ID="line_15"
                    TAGREFS="LT52"
                    BASELINE="311 1666 1345 1664" 
                    HPOS="310.0"
                    VPOS="1619.0"
                    WIDTH="1035.0"
                    HEIGHT="64.0">
            <Shape><Polygon POINTS="311 1666 311 1673 406 1683 408 1683 467 1675 507 1683 509 1683 510 1683 512 1683 512 1682 521 1673 523 1673 539 1673 793 1683 795 1683 796 1683 797 1683 797 1682 807 1673 824 1679 826 1679 827 1679 829 1679 842 1672 844 1672 1041 1672 1045 1672 1120 1682 1122 1682 1227 1679 1228 1679 1230 1679 1238 1672 1309 1681 1311 1681 1312 1681 1345 1671 1345 1664 1342 1619 1291 1619 1290 1619 1288 1619 1287 1619 1271 1632 1096 1632 1083 1621 1082 1619 1080 1619 1079 1619 1052 1619 1051 1619 1049 1619 1048 1619 1046 1621 1034 1632 999 1622 992 1619 991 1619 989 1619 975 1622 925 1632 827 1627 826 1627 824 1627 823 1627 813 1635 762 1635 739 1624 732 1621 731 1621 689 1621 688 1621 686 1621 685 1621 685 1622 682 1624 675 1631 661 1625 651 1621 649 1621 648 1621 624 1625 580 1632 539 1627 537 1627 536 1627 534 1627 523 1634 425 1627 418 1627 416 1627 411 1627 354 1634 345 1627 338 1621 337 1621 335 1621 334 1621 332 1621 310 1627 311 1666"/></Shape>
	    <String CONTENT="besque, reminding one of a fungus. If"
                    HPOS="310.0"
                    VPOS="1619.0"
                    WIDTH="1035.0"
                    HEIGHT="64.0"
                    WC="0.9992374503934706"></String>
          </TextLine>
          <TextLine ID="line_16"
                    TAGREFS="LT52"
                    BASELINE="315 1746 1349 1742" 
                    HPOS="314.0"
                    VPOS="1699.0"
                    WIDTH="1035.0"
                    HEIGHT="65.0">
            <Shape><Polygon POINTS="315 1746 315 1764 379 1755 597 1762 658 1763 659 1763 672 1760 708 1753 820 1759 857 1760 859 1760 880 1759 924 1753 960 1757 988 1760 989 1760 991 1760 1006 1756 1028 1752 1062 1756 1098 1760 1099 1762 1307 1762 1307 1760 1348 1752 1349 1742 1346 1712 1233 1710 1223 1700 1221 1700 1220 1700 1218 1700 1217 1700 1216 1700 1204 1710 1180 1699 1179 1699 1177 1699 1142 1706 1116 1699 1115 1699 1113 1699 1112 1699 1110 1699 1096 1712 1041 1712 1005 1699 1004 1699 1002 1699 1001 1699 975 1712 937 1700 935 1700 934 1700 933 1700 913 1708 878 1700 877 1700 876 1700 837 1712 799 1700 797 1700 796 1700 795 1700 793 1700 779 1712 718 1705 716 1705 715 1705 714 1705 704 1712 661 1700 659 1700 658 1700 657 1700 624 1713 529 1702 527 1702 526 1702 524 1702 512 1712 364 1708 362 1708 314 1715 315 1746"/></Shape>
	    <String CONTENT="you can imagine a toadstool in joints, an"
                    HPOS="314.0"
                    VPOS="1699.0"
                    WIDTH="1035.0"
                    HEIGHT="65.0"
                    WC="0.9956790979315595"></String>
          </TextLine>
          <TextLine ID="line_17"
                    TAGREFS="LT52"
                    BASELINE="311 1826 1349 1821" 
                    HPOS="310.0"
                    VPOS="1777.0"
                    WIDTH="1039.0"
                    HEIGHT="64.0">
            <Shape><Polygon POINTS="311 1826 311 1834 585 1841 587 1841 648 1833 658 1833 675 1833 780 1840 782 1840 927 1833 930 1833 931 1833 967 1840 968 1840 1102 1831 1113 1831 1122 1831 1207 1838 1208 1838 1210 1838 1211 1838 1220 1831 1228 1838 1230 1838 1231 1838 1233 1840 1315 1840 1315 1838 1317 1838 1349 1830 1349 1821 1348 1790 1322 1777 1321 1777 1319 1777 1318 1777 1287 1790 1253 1790 1227 1777 1226 1777 1224 1777 1223 1777 1221 1777 1207 1790 1186 1790 1147 1777 1146 1777 1144 1777 1089 1789 1078 1779 1076 1779 1075 1779 1073 1779 1072 1779 1071 1779 1062 1786 1024 1777 1022 1777 1021 1777 984 1792 957 1792 945 1782 945 1780 944 1780 942 1780 941 1780 940 1780 938 1780 928 1789 917 1779 915 1779 914 1779 913 1779 911 1779 877 1790 786 1790 762 1779 760 1779 759 1779 758 1779 722 1787 711 1779 709 1779 708 1779 706 1779 705 1779 657 1792 655 1792 654 1792 620 1780 618 1780 564 1780 563 1780 561 1780 560 1780 541 1792 490 1780 489 1780 487 1780 467 1790 392 1792 379 1782 378 1782 376 1782 375 1782 374 1782 372 1782 361 1792 322 1780 321 1780 320 1780 318 1780 317 1780 317 1782 310 1787 311 1826"/></Shape>
	    <String CONTENT="interminable string of toadstools, bud¬"
                    HPOS="310.0"
                    VPOS="1777.0"
                    WIDTH="1039.0"
                    HEIGHT="64.0"
                    WC="0.9830148877241672"></String>
          </TextLine>
          <TextLine ID="line_18"
                    TAGREFS="LT52"
                    BASELINE="310 1905 1349 1900" 
                    HPOS="308.0"
                    VPOS="1858.0"
                    WIDTH="1041.0"
                    HEIGHT="66.0">
            <Shape><Polygon POINTS="310 1905 310 1915 435 1924 436 1924 438 1924 439 1924 448 1915 449 1915 459 1915 614 1922 615 1922 675 1914 681 1914 689 1914 813 1922 814 1922 816 1922 817 1922 827 1912 881 1912 906 1912 1086 1920 1088 1920 1089 1920 1090 1920 1100 1911 1103 1911 1129 1918 1130 1918 1132 1920 1227 1920 1227 1918 1228 1918 1230 1918 1241 1911 1258 1920 1260 1920 1261 1920 1348 1910 1349 1900 1346 1870 1272 1858 1271 1858 1270 1858 1268 1858 1250 1870 1248 1871 1048 1871 1046 1871 1024 1860 1022 1860 984 1860 982 1860 981 1860 979 1860 965 1871 965 1873 891 1873 877 1873 830 1860 829 1860 827 1860 826 1860 824 1860 824 1861 813 1873 802 1873 780 1873 776 1873 718 1861 716 1861 715 1861 691 1873 566 1873 524 1863 523 1863 521 1863 520 1863 520 1864 509 1874 489 1874 482 1874 477 1874 331 1863 329 1863 328 1863 308 1873 310 1905"/></Shape>
	    <String CONTENT="ding and sprouting in endless convolu¬"
                    HPOS="308.0"
                    VPOS="1858.0"
                    WIDTH="1041.0"
                    HEIGHT="66.0"
                    WC="0.9865386219401109"></String>
          </TextLine>
          <TextLine ID="line_19"
                    TAGREFS="LT52"
                    BASELINE="312 1985 1334 1985" 
                    HPOS="312.0"
                    VPOS="1941.0"
                    WIDTH="1022.0"
                    HEIGHT="65.0">
            <Shape><Polygon POINTS="312 1985 312 1995 322 2002 324 2002 325 2002 327 2002 382 1998 430 2005 432 2005 433 2005 472 1995 584 1995 607 2005 608 2005 610 2006 671 2006 671 2005 672 2005 674 2005 686 1995 1004 1995 1096 2005 1098 2006 1139 2006 1139 2005 1140 2005 1142 2005 1152 1995 1332 1993 1334 1985 1334 1955 1302 1942 1301 1942 1299 1942 1298 1942 1272 1954 1228 1952 1213 1941 1211 1941 1210 1941 1154 1941 1153 1941 1152 1941 1150 1941 1137 1952 1103 1954 1072 1941 1071 1941 1014 1941 1012 1941 1011 1941 974 1955 854 1955 829 1941 827 1941 826 1941 824 1941 793 1951 780 1941 779 1941 778 1941 776 1941 775 1941 742 1952 729 1941 728 1941 726 1941 699 1941 698 1941 696 1941 695 1941 679 1955 659 1955 590 1941 588 1941 587 1941 540 1955 382 1955 342 1941 341 1941 339 1941 338 1941 312 1954 312 1985"/></Shape>
	    <String CONTENT="tions, — why, that is something like it."
                    HPOS="312.0"
                    VPOS="1941.0"
                    WIDTH="1022.0"
                    HEIGHT="65.0"
                    WC="0.9864608913660049"></String>
          </TextLine>
        </TextBlock>
        <TextBlock HPOS="792"
                   VPOS="2023"
                   WIDTH="82"
                   HEIGHT="63"
                   ID="block_1"
                   TAGREFS="BT15">
          <Shape><Polygon POINTS="874 2023 874 2086 792 2086 792 2023"/></Shape>
          <TextLine ID="line_20"
                    TAGREFS="LT52"
                    BASELINE="800 2069 857 2065" 
                    HPOS="796.0"
                    VPOS="2016.0"
                    WIDTH="61.0"
                    HEIGHT="61.0">
            <Shape><Polygon POINTS="800 2069 800 2077 857 2076 857 2065 851 2016 796 2025 800 2069"/></Shape>
	    <String CONTENT="33"
                    HPOS="796.0"
                    VPOS="2016.0"
                    WIDTH="61.0"
                    HEIGHT="61.0"
                    WC="0.9995680749416351"></String>
          </TextLine>
        </TextBlock>
        <TextBlock HPOS="334"
                   VPOS="336"
                   WIDTH="1004"
                   HEIGHT="114"
                   ID="eSc_textblock_4c8fc1c7"
                   TAGREFS="BT18">
          <Shape><Polygon POINTS="334 336 334 450 1338 450 1338 336"/></Shape>
        </TextBlock>
      </PrintSpace>
    </Page>
  </Layout>
</alto>
