<?xml version="1.0" encoding="UTF-8"?>
<alto xmlns:xsi="http://www.w3.org/2001/XMLSchema-instance"
      xmlns="http://www.loc.gov/standards/alto/ns-v4#"
      xsi:schemaLocation="http://www.loc.gov/standards/alto/ns-v4# http://www.loc.gov/standards/alto/v4/alto-4-2.xsd">
  <Description>
    <MeasurementUnit>pixel</MeasurementUnit>
    <sourceImageInformation>
      <fileName>page_00054.png</fileName>
    </sourceImageInformation>
  </Description>
  <Tags>
    <OtherTag ID="BT7" LABEL="CustomZone" DESCRIPTION="block type CustomZone"/><OtherTag ID="BT8" LABEL="DamageZone" DESCRIPTION="block type DamageZone"/><OtherTag ID="BT9" LABEL="DigitizationArtefactZone" DESCRIPTION="block type DigitizationArtefactZone"/><OtherTag ID="BT10" LABEL="DropCapitalZone" DESCRIPTION="block type DropCapitalZone"/><OtherTag ID="BT11" LABEL="GraphicZone" DESCRIPTION="block type GraphicZone"/><OtherTag ID="BT12" LABEL="MainZone" DESCRIPTION="block type MainZone"/><OtherTag ID="BT13" LABEL="MarginTextZone" DESCRIPTION="block type MarginTextZone"/><OtherTag ID="BT14" LABEL="MusicZone" DESCRIPTION="block type MusicZone"/><OtherTag ID="BT15" LABEL="NumberingZone" DESCRIPTION="block type NumberingZone"/><OtherTag ID="BT17" LABEL="QuireMarksZone" DESCRIPTION="block type QuireMarksZone"/><OtherTag ID="BT18" LABEL="RunningTitleZone" DESCRIPTION="block type RunningTitleZone"/><OtherTag ID="BT19" LABEL="SealZone" DESCRIPTION="block type SealZone"/><OtherTag ID="BT20" LABEL="StampZone" DESCRIPTION="block type StampZone"/><OtherTag ID="BT21" LABEL="TableZone" DESCRIPTION="block type TableZone"/><OtherTag ID="BT22" LABEL="TitlePageZone" DESCRIPTION="block type TitlePageZone"/>
    <OtherTag ID="LT7" LABEL="CustomLine" DESCRIPTION="line type CustomLine"/><OtherTag ID="LT8" LABEL="DefaultLine" DESCRIPTION="line type DefaultLine"/><OtherTag ID="LT9" LABEL="DropCapitalLine" DESCRIPTION="line type DropCapitalLine"/><OtherTag ID="LT10" LABEL="HeadingLine" DESCRIPTION="line type HeadingLine"/><OtherTag ID="LT11" LABEL="InterlinearLine" DESCRIPTION="line type InterlinearLine"/><OtherTag ID="LT12" LABEL="MusicLine" DESCRIPTION="line type MusicLine"/><OtherTag ID="LT52" LABEL="default" DESCRIPTION="line type default"/>
  </Tags>
  <Layout>
    <Page WIDTH="1785"
          HEIGHT="2560"
          PHYSICAL_IMG_NR="52"
          ID="eSc_dummypage_">
      <PrintSpace HPOS="0"
                  VPOS="0"
                  WIDTH="1785"
                  HEIGHT="2560">
        <TextBlock HPOS="430"
                   VPOS="474"
                   WIDTH="1078"
                   HEIGHT="1622"
                   ID="block_0"
                   TAGREFS="BT12">
          <Shape><Polygon POINTS="1491 474 1508 2096 430 2096 438 474"/></Shape>
          <TextLine ID="line_0"
                    TAGREFS="LT52"
                    BASELINE="473 432 1479 432" 
                    HPOS="473.0"
                    VPOS="381.0"
                    WIDTH="1006.0"
                    HEIGHT="68.0">
            <Shape><Polygon POINTS="473 432 473 440 859 449 860 449 861 449 881 442 883 442 1002 442 1004 442 1011 449 1012 449 1014 449 1015 449 1048 442 1051 442 1052 442 1072 449 1073 449 1075 449 1479 442 1479 432 1479 389 1413 381 1412 381 1336 388 1332 388 1331 388 1315 381 1314 381 1312 381 1311 381 1309 381 1299 388 1298 388 1261 381 1260 381 1258 381 1241 388 1240 389 1147 389 1146 388 1137 381 1136 381 1135 381 1133 381 1132 381 1110 386 1107 388 1105 386 1092 381 1090 381 1089 381 1088 381 1086 381 1078 386 1076 388 1075 386 1063 381 1062 381 997 381 995 381 994 381 992 381 987 386 984 388 978 386 955 381 954 381 952 381 877 386 846 388 837 386 819 381 817 381 816 381 814 381 797 385 789 388 783 385 773 381 772 381 770 381 473 384 473 432"/></Shape>
	    <String CONTENT="THE YELLOW WALL PAPER"
                    HPOS="473.0"
                    VPOS="381.0"
                    WIDTH="1006.0"
                    HEIGHT="68.0"
                    WC="0.9998148168836322"></String>
          </TextLine>
          <TextLine ID="eSc_line_a59cd48b"
                    BASELINE="499 551 1507 551" 
                    HPOS="497"
                    VPOS="494"
                    WIDTH="1008"
                    HEIGHT="64">
            <Shape><Polygon POINTS="497 550 497 558 1505 558 1505 550 1505 509 1454 509 1441 497 1441 494 1439 494 1436 494 1434 494 1432 494 1394 507 1353 494 1351 494 1349 494 1347 494 1317 507 1291 497 1289 497 1287 497 1195 507 1163 494 1161 494 1159 494 1088 509 854 509 841 497 841 494 839 494 836 494 834 494 832 494 794 505 760 494 757 494 755 494 753 494 728 507 510 494 508 494 506 494 503 494 503 497 497 503 497 550"/></Shape>
	    <String CONTENT="I THINK that woman gets out in the"
                    HPOS="497"
                    VPOS="494"
                    WIDTH="1008"
                    HEIGHT="64"
                    WC="0.9887086836730733"></String>
          </TextLine>
          <TextLine ID="line_1"
                    TAGREFS="LT52"
                    BASELINE="449 622 701 620" 
                    HPOS="448.0"
                    VPOS="574.0"
                    WIDTH="253.0"
                    HEIGHT="67.0">
            <Shape><Polygon POINTS="449 622 449 632 533 641 534 641 536 641 537 641 537 640 546 632 630 632 641 640 642 640 644 640 645 640 647 640 669 631 679 640 681 640 682 640 684 640 685 640 686 640 701 630 701 620 699 581 677 574 675 574 674 574 672 574 671 574 671 576 664 581 659 587 608 587 601 584 573 574 571 574 570 574 514 587 510 587 507 587 467 576 466 576 465 576 463 576 462 576 448 583 449 622"/></Shape>
	    <String CONTENT="daytime!"
                    HPOS="448.0"
                    VPOS="574.0"
                    WIDTH="253.0"
                    HEIGHT="67.0"
                    WC="0.9903124421834946"></String>
          </TextLine>
          <TextLine ID="line_2"
                    TAGREFS="LT52"
                    BASELINE="504 705 1483 701" 
                    HPOS="503.0"
                    VPOS="657.0"
                    WIDTH="980.0"
                    HEIGHT="68.0">
            <Shape><Polygon POINTS="504 705 504 713 648 713 664 721 665 721 667 722 667 721 668 721 684 713 752 713 760 721 762 721 763 721 765 721 842 713 854 723 856 723 857 723 859 725 890 725 890 723 891 723 893 723 903 715 941 721 942 721 985 712 995 721 997 721 998 721 999 721 1001 721 1026 713 1085 723 1086 723 1088 723 1089 723 1089 722 1102 711 1154 711 1169 722 1170 722 1171 722 1173 722 1254 713 1263 719 1264 719 1265 719 1267 719 1268 719 1270 719 1277 713 1284 719 1285 719 1287 719 1399 722 1400 722 1402 722 1403 722 1418 709 1483 708 1483 701 1480 674 1410 674 1375 657 1373 657 1372 657 1371 657 1335 671 1324 661 1322 661 1321 661 1319 661 1318 661 1285 669 1241 657 1240 657 1238 657 1237 657 1235 657 1221 669 1153 674 1062 672 1032 658 1031 658 1029 658 1028 658 975 675 859 675 833 658 832 658 830 658 829 658 827 658 779 671 768 661 766 661 765 661 763 661 762 661 760 661 746 674 729 659 728 659 726 659 608 659 607 659 605 659 604 659 604 661 591 672 564 672 531 659 530 659 529 659 527 659 526 659 503 674 504 705"/></Shape>
	    <String CONTENT="And I’Il tell you why — privately—"
                    HPOS="503.0"
                    VPOS="657.0"
                    WIDTH="980.0"
                    HEIGHT="68.0"
                    WC="0.9926069378852844"></String>
          </TextLine>
          <TextLine ID="line_3"
                    TAGREFS="LT52"
                    BASELINE="449 785 832 782" 
                    HPOS="448.0"
                    VPOS="738.0"
                    WIDTH="384.0"
                    HEIGHT="62.0">
            <Shape><Polygon POINTS="449 785 449 792 638 800 640 800 686 792 705 799 706 799 708 799 802 792 817 799 819 799 820 799 822 799 823 799 832 790 832 782 827 742 732 750 714 742 704 738 702 738 701 738 699 738 698 738 698 739 694 742 685 752 627 752 509 750 502 743 496 739 494 739 493 739 492 739 448 743 449 785"/></Shape>
	    <String CONTENT="I&#x27;ve seen her!"
                    HPOS="448.0"
                    VPOS="738.0"
                    WIDTH="384.0"
                    HEIGHT="62.0"
                    WC="0.9995099987302508"></String>
          </TextLine>
          <TextLine ID="line_4"
                    TAGREFS="LT52"
                    BASELINE="502 866 1479 863" 
                    HPOS="500.0"
                    VPOS="822.0"
                    WIDTH="979.0"
                    HEIGHT="61.0">
            <Shape><Polygon POINTS="502 866 502 873 736 880 738 880 739 880 753 874 760 873 773 874 812 881 813 881 814 881 840 876 850 873 860 876 881 881 883 881 884 881 886 881 900 876 903 874 911 876 948 881 950 881 951 881 965 876 971 873 977 876 985 881 987 881 988 881 989 881 991 881 1012 876 1028 871 1041 876 1051 880 1052 880 1053 880 1075 876 1099 871 1119 876 1139 881 1140 881 1142 883 1176 883 1176 881 1177 881 1179 881 1184 877 1191 871 1216 877 1241 881 1243 883 1288 883 1288 881 1290 881 1291 881 1295 877 1302 871 1314 877 1324 881 1325 881 1327 883 1361 883 1361 881 1362 881 1363 881 1363 880 1368 877 1373 871 1388 877 1398 881 1399 881 1400 881 1477 877 1479 863 1474 832 1392 832 1388 832 1356 822 1355 822 1354 822 1352 822 1351 822 1339 832 1338 832 1200 832 1105 832 1008 822 1006 822 1005 822 979 832 975 833 972 832 947 823 945 823 944 823 907 832 900 834 800 834 799 832 789 824 789 823 787 823 786 823 785 823 783 823 753 833 749 834 561 834 560 833 550 824 550 823 549 823 547 823 507 823 506 823 504 823 503 823 503 824 502 824 500 824 502 866"/></Shape>
	    <String CONTENT="I can see her out of every one of my"
                    HPOS="500.0"
                    VPOS="822.0"
                    WIDTH="979.0"
                    HEIGHT="61.0"
                    WC="0.9731716530190574"></String>
          </TextLine>
          <TextLine ID="line_5"
                    TAGREFS="LT52"
                    BASELINE="450 944 732 944" 
                    HPOS="450.0"
                    VPOS="900.0"
                    WIDTH="282.0"
                    HEIGHT="61.0">
            <Shape><Polygon POINTS="450 944 450 951 466 960 467 960 469 960 470 960 496 952 526 960 527 960 529 961 603 961 603 960 604 960 605 960 615 952 677 960 678 960 679 960 699 952 711 960 712 960 714 960 715 960 716 960 732 951 732 944 732 908 704 900 702 900 701 900 699 900 698 900 698 901 688 910 686 913 610 913 605 911 567 900 566 900 564 900 563 900 561 900 544 911 543 911 506 900 504 900 503 900 502 900 500 900 500 901 489 911 489 913 450 913 450 944"/></Shape>
	    <String CONTENT="windows !"
                    HPOS="450.0"
                    VPOS="900.0"
                    WIDTH="282.0"
                    HEIGHT="61.0"
                    WC="0.9995397528012594"></String>
          </TextLine>
          <TextLine ID="line_6"
                    TAGREFS="LT52"
                    BASELINE="502 1026 1486 1024" 
                    HPOS="500.0"
                    VPOS="979.0"
                    WIDTH="986.0"
                    HEIGHT="56.0">
            <Shape><Polygon POINTS="502 1026 502 1035 1484 1032 1486 1024 1483 992 1449 992 1436 981 1436 979 1435 979 1433 979 1432 979 1430 979 1396 992 1354 992 1341 981 1341 979 1339 979 1338 979 1336 979 1335 979 1302 991 1169 991 1153 979 1152 979 1150 979 1088 979 1086 979 1085 979 1083 979 1083 981 1071 992 1002 992 711 992 708 992 674 981 672 981 637 981 635 981 634 981 632 981 632 982 621 992 597 981 595 981 594 981 593 981 561 989 553 981 551 981 550 981 509 981 507 981 506 981 504 981 504 982 503 982 500 984 502 1026"/></Shape>
	    <String CONTENT="It is the same woman, I know, for she"
                    HPOS="500.0"
                    VPOS="979.0"
                    WIDTH="986.0"
                    HEIGHT="56.0"
                    WC="0.9996838311891298"></String>
          </TextLine>
          <TextLine ID="line_7"
                    TAGREFS="LT52"
                    BASELINE="448 1105 1486 1102" 
                    HPOS="446.0"
                    VPOS="1062.0"
                    WIDTH="1040.0"
                    HEIGHT="62.0">
            <Shape><Polygon POINTS="448 1105 448 1115 604 1115 608 1115 652 1124 654 1124 655 1124 689 1115 691 1115 762 1115 763 1115 810 1124 812 1124 871 1117 945 1124 947 1124 948 1124 950 1124 961 1115 1025 1113 1055 1113 1076 1113 1349 1122 1351 1122 1403 1113 1464 1122 1466 1122 1467 1122 1486 1112 1486 1102 1484 1072 1452 1062 1450 1062 1449 1062 1447 1062 1419 1070 1415 1073 1203 1073 1199 1070 1190 1062 1189 1062 1187 1062 1186 1062 1184 1062 1159 1069 1149 1073 1069 1073 1056 1069 1031 1062 1029 1062 1028 1062 1026 1062 1025 1062 1016 1069 1014 1070 997 1069 974 1066 972 1066 971 1066 970 1066 967 1069 958 1075 898 1075 884 1068 873 1063 871 1063 870 1063 836 1068 792 1073 622 1066 536 1063 534 1063 533 1063 523 1066 499 1073 485 1066 479 1063 477 1063 476 1063 446 1065 448 1105"/></Shape>
	    <String CONTENT="is always creeping, and most women do"
                    HPOS="446.0"
                    VPOS="1062.0"
                    WIDTH="1040.0"
                    HEIGHT="62.0"
                    WC="0.9997863060719258"></String>
          </TextLine>
          <TextLine ID="line_8"
                    TAGREFS="LT52"
                    BASELINE="446 1184 1032 1184" 
                    HPOS="446.0"
                    VPOS="1142.0"
                    WIDTH="586.0"
                    HEIGHT="66.0">
            <Shape><Polygon POINTS="446 1184 446 1193 497 1201 499 1201 500 1201 516 1194 624 1201 625 1201 627 1201 628 1201 637 1194 657 1207 658 1207 659 1207 661 1208 684 1208 684 1207 685 1207 686 1207 686 1206 699 1194 738 1207 739 1207 741 1208 765 1208 765 1207 766 1207 768 1207 768 1206 780 1194 850 1207 851 1208 876 1208 876 1207 877 1207 878 1207 878 1206 888 1197 954 1207 955 1207 1032 1193 1032 1184 1032 1154 1014 1154 1002 1143 1002 1142 1001 1142 999 1142 998 1142 997 1142 995 1142 985 1150 977 1143 977 1142 975 1142 974 1142 972 1142 931 1149 887 1142 886 1142 884 1142 854 1152 810 1142 809 1142 807 1142 780 1153 711 1142 709 1142 708 1142 706 1142 706 1143 695 1154 541 1154 527 1142 526 1142 524 1142 523 1142 521 1142 520 1142 520 1143 510 1153 446 1153 446 1184"/></Shape>
	    <String CONTENT="not creep by daylight."
                    HPOS="446.0"
                    VPOS="1142.0"
                    WIDTH="586.0"
                    HEIGHT="66.0"
                    WC="0.9979691099036824"></String>
          </TextLine>
          <TextLine ID="line_9"
                    TAGREFS="LT52"
                    BASELINE="502 1265 1484 1265" 
                    HPOS="502.0"
                    VPOS="1220.0"
                    WIDTH="982.0"
                    HEIGHT="61.0">
            <Shape><Polygon POINTS="502 1265 502 1272 578 1281 580 1281 641 1274 649 1274 1483 1280 1484 1265 1484 1234 1403 1234 1403 1233 1376 1220 1375 1220 1373 1220 1372 1220 1342 1230 1311 1220 1309 1220 1308 1220 1307 1220 1305 1220 1305 1221 1292 1231 1251 1220 1250 1220 1248 1220 1247 1220 1211 1231 1208 1233 1208 1231 1196 1221 1196 1220 1194 1220 1193 1220 1191 1220 1190 1220 1156 1231 1152 1234 1055 1234 1051 1231 1028 1220 1026 1220 1006 1220 1005 1220 1004 1220 1002 1220 1002 1221 991 1231 989 1233 987 1231 970 1221 968 1221 967 1221 965 1221 938 1230 931 1233 930 1230 918 1221 918 1220 917 1220 915 1220 888 1220 887 1220 886 1220 884 1220 884 1221 874 1230 870 1233 860 1230 820 1220 819 1220 817 1220 816 1220 793 1230 785 1234 716 1234 712 1228 702 1221 702 1220 701 1220 699 1220 698 1220 696 1220 674 1228 664 1234 558 1234 553 1228 543 1220 541 1220 540 1220 539 1220 502 1227 502 1265"/></Shape>
	    <String CONTENT="I see her in that long shaded lane,"
                    HPOS="502.0"
                    VPOS="1220.0"
                    WIDTH="982.0"
                    HEIGHT="61.0"
                    WC="0.9997695888791766"></String>
          </TextLine>
          <TextLine ID="line_10"
                    TAGREFS="LT52"
                    BASELINE="443 1345 1482 1342" 
                    HPOS="442.0"
                    VPOS="1301.0"
                    WIDTH="1040.0"
                    HEIGHT="64.0">
            <Shape><Polygon POINTS="443 1345 443 1353 531 1353 533 1353 549 1363 550 1363 551 1363 553 1365 674 1365 674 1363 675 1363 677 1363 688 1353 689 1352 694 1353 723 1363 725 1363 726 1365 762 1365 762 1363 763 1363 765 1363 776 1353 779 1352 797 1353 863 1361 864 1361 866 1361 887 1353 894 1352 927 1353 981 1358 982 1358 984 1358 985 1358 988 1355 992 1352 997 1355 1001 1358 1002 1358 1004 1358 1005 1359 1080 1359 1080 1358 1082 1358 1083 1358 1088 1355 1093 1351 1132 1355 1164 1358 1166 1358 1167 1358 1177 1355 1191 1351 1208 1355 1230 1361 1231 1361 1233 1361 1261 1355 1284 1351 1299 1355 1312 1359 1314 1359 1315 1361 1385 1361 1385 1359 1386 1359 1388 1359 1392 1355 1398 1351 1416 1355 1432 1359 1433 1359 1435 1359 1480 1355 1482 1342 1480 1314 1447 1301 1446 1301 1445 1301 1443 1301 1413 1314 1412 1315 1346 1315 1345 1314 1309 1301 1308 1301 1307 1301 1305 1301 1304 1301 1288 1314 1287 1314 1284 1314 1206 1307 1204 1307 1203 1307 1190 1314 1176 1301 1174 1301 1173 1301 1142 1301 1140 1301 1139 1301 1137 1301 1120 1314 1120 1315 1107 1315 1068 1315 988 1312 962 1301 961 1301 960 1301 958 1301 923 1315 921 1315 893 1302 891 1302 890 1302 799 1315 796 1315 792 1315 743 1308 742 1308 681 1315 679 1315 590 1302 588 1302 533 1312 466 1307 465 1307 463 1307 442 1314 443 1345"/></Shape>
	    <String CONTENT="creeping up and down. I see her in"
                    HPOS="442.0"
                    VPOS="1301.0"
                    WIDTH="1040.0"
                    HEIGHT="64.0"
                    WC="0.985388994216919"></String>
          </TextLine>
          <TextLine ID="line_11"
                    TAGREFS="LT52"
                    BASELINE="443 1426 1484 1423" 
                    HPOS="442.0"
                    VPOS="1380.0"
                    WIDTH="1042.0"
                    HEIGHT="67.0">
            <Shape><Polygon POINTS="443 1426 443 1435 736 1435 750 1446 752 1446 753 1446 755 1447 795 1447 795 1446 796 1446 797 1446 813 1436 867 1446 869 1446 870 1446 907 1435 1012 1440 1014 1440 1015 1440 1029 1433 1116 1444 1117 1444 1119 1444 1120 1444 1133 1433 1162 1440 1163 1440 1164 1440 1201 1433 1248 1444 1250 1444 1251 1446 1375 1446 1375 1444 1376 1444 1378 1444 1392 1433 1473 1440 1474 1440 1476 1440 1477 1440 1477 1439 1484 1432 1484 1423 1482 1383 1440 1380 1439 1380 1437 1380 1436 1380 1432 1383 1412 1396 1339 1396 1309 1385 1294 1380 1292 1380 1291 1380 1290 1380 1268 1386 1231 1395 1167 1388 1163 1388 1162 1388 1159 1388 1112 1395 1103 1389 1103 1388 1102 1388 1100 1388 1099 1388 1082 1389 1031 1393 1025 1389 1015 1380 1014 1380 1012 1380 992 1380 991 1380 989 1380 960 1390 941 1396 849 1392 772 1389 770 1389 748 1393 736 1396 733 1393 719 1382 718 1382 716 1382 715 1382 671 1390 625 1382 624 1382 622 1382 588 1396 580 1388 578 1388 577 1388 576 1388 507 1392 494 1382 493 1382 492 1382 459 1382 457 1382 456 1382 455 1382 455 1383 442 1393 443 1426"/></Shape>
	    <String CONTENT="those dark grape arbors, creeping all"
                    HPOS="442.0"
                    VPOS="1380.0"
                    WIDTH="1042.0"
                    HEIGHT="67.0"
                    WC="0.9995749528343613"></String>
          </TextLine>
          <TextLine ID="line_12"
                    TAGREFS="LT52"
                    BASELINE="445 1507 968 1504" 
                    HPOS="443.0"
                    VPOS="1462.0"
                    WIDTH="525.0"
                    HEIGHT="62.0">
            <Shape><Polygon POINTS="445 1507 445 1514 611 1523 613 1523 750 1514 759 1521 759 1523 760 1523 762 1523 763 1524 806 1524 806 1523 851 1516 955 1521 957 1521 958 1521 960 1521 968 1513 968 1504 965 1476 911 1476 867 1462 866 1462 864 1462 863 1462 861 1462 861 1463 851 1473 829 1473 819 1467 817 1467 816 1467 814 1467 712 1474 699 1464 699 1463 698 1463 696 1463 668 1463 667 1463 665 1463 664 1463 647 1474 635 1464 635 1463 634 1463 632 1463 610 1463 608 1463 607 1463 605 1463 605 1464 593 1476 460 1469 459 1469 457 1469 456 1469 443 1474 445 1507"/></Shape>
	    <String CONTENT="around the garden."
                    HPOS="443.0"
                    VPOS="1462.0"
                    WIDTH="525.0"
                    HEIGHT="62.0"
                    WC="0.9998949103885226"></String>
          </TextLine>
          <TextLine ID="line_13"
                    TAGREFS="LT52"
                    BASELINE="500 1587 1477 1587" 
                    HPOS="500.0"
                    VPOS="1543.0"
                    WIDTH="977.0"
                    HEIGHT="61.0">
            <Shape><Polygon POINTS="500 1587 500 1595 513 1602 514 1602 516 1602 517 1602 539 1595 560 1602 561 1602 563 1602 637 1595 933 1602 934 1602 935 1602 954 1595 1024 1604 1025 1604 1107 1595 1119 1602 1120 1602 1122 1602 1123 1604 1197 1604 1197 1602 1199 1602 1200 1602 1200 1601 1207 1595 1228 1602 1230 1602 1231 1602 1368 1595 1457 1602 1459 1602 1460 1602 1477 1594 1477 1587 1477 1555 1442 1555 1442 1554 1429 1544 1429 1543 1428 1543 1426 1543 1425 1543 1395 1544 1393 1544 1392 1544 1392 1545 1381 1554 1381 1555 1345 1555 1344 1554 1322 1543 1321 1543 1298 1543 1297 1543 1295 1543 1294 1543 1281 1554 1280 1555 1218 1555 1217 1553 1206 1544 1206 1543 1204 1543 1203 1543 1201 1543 1150 1553 1142 1555 1001 1555 997 1553 978 1543 977 1543 975 1543 911 1551 893 1554 888 1551 878 1543 877 1543 876 1543 874 1543 844 1544 843 1544 842 1544 842 1545 834 1551 830 1555 688 1555 682 1550 675 1544 675 1543 674 1543 672 1543 651 1543 649 1543 648 1543 647 1543 647 1544 640 1550 634 1555 554 1555 549 1550 541 1544 541 1543 540 1543 539 1543 537 1543 500 1548 500 1587"/></Shape>
	    <String CONTENT="I see her on that long road under the"
                    HPOS="500.0"
                    VPOS="1543.0"
                    WIDTH="977.0"
                    HEIGHT="61.0"
                    WC="0.9940241543022362"></String>
          </TextLine>
          <TextLine ID="line_14"
                    TAGREFS="LT52"
                    BASELINE="442 1666 1480 1662" 
                    HPOS="440.0"
                    VPOS="1622.0"
                    WIDTH="1040.0"
                    HEIGHT="64.0">
            <Shape><Polygon POINTS="442 1666 442 1675 520 1675 526 1675 583 1686 584 1686 585 1686 587 1686 600 1675 617 1682 618 1682 620 1682 657 1675 659 1675 661 1675 739 1686 741 1686 742 1686 763 1679 827 1685 829 1685 830 1685 832 1685 844 1673 846 1673 857 1673 1011 1685 1012 1685 1014 1685 1015 1685 1026 1675 1034 1681 1035 1681 1036 1681 1107 1682 1109 1682 1110 1682 1132 1672 1135 1672 1136 1672 1157 1681 1159 1681 1160 1681 1298 1672 1307 1672 1308 1672 1335 1682 1336 1682 1338 1682 1339 1682 1366 1672 1379 1682 1381 1682 1382 1682 1383 1683 1423 1683 1423 1682 1479 1671 1480 1662 1477 1634 1226 1634 1187 1622 1186 1622 1184 1622 1183 1622 1181 1622 1173 1629 1100 1624 1099 1624 1098 1624 1096 1624 1085 1634 1055 1635 1032 1635 1019 1635 880 1624 878 1624 877 1624 856 1635 853 1635 743 1625 742 1625 741 1625 712 1634 618 1629 617 1629 581 1636 578 1636 564 1628 563 1628 561 1628 560 1628 520 1634 453 1625 452 1625 450 1625 449 1625 440 1631 442 1666"/></Shape>
	    <String CONTENT="trees, creeping along, and when a car¬"
                    HPOS="440.0"
                    VPOS="1622.0"
                    WIDTH="1040.0"
                    HEIGHT="64.0"
                    WC="0.9859457549295927"></String>
          </TextLine>
          <TextLine ID="line_15"
                    TAGREFS="LT52"
                    BASELINE="440 1746 1483 1743" 
                    HPOS="439.0"
                    VPOS="1700.0"
                    WIDTH="1044.0"
                    HEIGHT="63.0">
            <Shape><Polygon POINTS="440 1746 440 1756 957 1762 958 1762 1025 1755 1036 1755 1046 1755 1126 1762 1127 1762 1206 1755 1210 1755 1211 1755 1218 1762 1220 1762 1221 1762 1223 1763 1284 1763 1284 1762 1285 1762 1307 1755 1314 1762 1315 1762 1317 1762 1318 1763 1450 1763 1450 1762 1452 1762 1483 1753 1483 1743 1479 1712 1453 1712 1452 1712 1439 1700 1437 1700 1436 1700 1435 1700 1389 1712 1386 1712 1385 1712 1363 1700 1362 1700 1311 1700 1309 1700 1308 1700 1307 1700 1294 1712 1292 1713 1261 1713 1260 1712 1231 1700 1230 1700 1228 1700 1227 1700 1186 1712 1184 1712 1183 1712 1115 1700 1113 1700 1112 1700 1110 1700 1096 1712 1096 1713 1021 1713 991 1713 961 1700 960 1700 958 1700 878 1702 877 1702 876 1702 863 1713 861 1715 837 1715 836 1713 823 1702 822 1702 820 1702 819 1702 817 1702 779 1713 778 1715 561 1715 517 1715 472 1702 470 1702 469 1702 467 1702 439 1712 440 1746"/></Shape>
	    <String CONTENT="riage comes she hides under the black¬"
                    HPOS="439.0"
                    VPOS="1700.0"
                    WIDTH="1044.0"
                    HEIGHT="63.0"
                    WC="0.9920713195675298"></String>
          </TextLine>
          <TextLine ID="line_16"
                    TAGREFS="LT52"
                    BASELINE="445 1827 766 1824" 
                    HPOS="443.0"
                    VPOS="1786.0"
                    WIDTH="323.0"
                    HEIGHT="58.0">
            <Shape><Polygon POINTS="445 1827 445 1834 577 1844 578 1844 580 1844 605 1834 696 1843 698 1843 750 1841 752 1841 753 1841 766 1833 766 1824 763 1796 492 1789 490 1789 489 1789 487 1789 480 1794 473 1787 472 1787 472 1786 470 1786 469 1786 467 1786 443 1786 445 1827"/></Shape>
	    <String CONTENT="berry vines."
                    HPOS="443.0"
                    VPOS="1786.0"
                    WIDTH="323.0"
                    HEIGHT="58.0"
                    WC="0.9989622930685679"></String>
          </TextLine>
          <TextLine ID="line_17"
                    TAGREFS="LT52"
                    BASELINE="500 1908 1486 1905" 
                    HPOS="499.0"
                    VPOS="1858.0"
                    WIDTH="987.0"
                    HEIGHT="64.0">
            <Shape><Polygon POINTS="500 1908 500 1915 864 1922 866 1922 901 1915 957 1922 958 1922 960 1922 989 1914 992 1914 995 1914 1021 1921 1022 1921 1024 1921 1025 1921 1048 1914 1049 1914 1051 1914 1069 1921 1071 1921 1072 1922 1142 1922 1142 1921 1143 1921 1144 1921 1153 1914 1154 1914 1163 1914 1393 1921 1395 1921 1396 1921 1412 1914 1418 1920 1418 1921 1419 1921 1420 1921 1422 1922 1470 1922 1470 1921 1472 1921 1473 1921 1486 1912 1486 1905 1483 1874 1449 1874 1449 1873 1432 1858 1430 1858 1429 1858 1428 1858 1426 1858 1402 1871 1389 1863 1388 1863 1386 1863 1385 1863 1383 1863 1356 1873 1356 1874 1257 1874 1255 1873 1237 1858 1235 1858 1234 1858 1210 1858 1208 1858 1207 1858 1206 1858 1190 1873 1189 1874 1140 1874 1139 1873 1112 1858 1110 1858 1109 1858 1107 1858 1088 1865 1068 1858 1066 1858 1065 1858 1063 1858 1062 1858 1046 1873 1045 1874 938 1874 935 1873 921 1860 920 1860 918 1860 917 1860 915 1860 890 1873 886 1875 797 1875 792 1871 772 1860 770 1860 769 1860 719 1860 718 1860 716 1860 715 1860 715 1861 702 1871 701 1874 696 1871 675 1860 674 1860 672 1860 671 1860 632 1871 624 1874 618 1871 597 1860 595 1860 576 1860 574 1860 573 1860 571 1860 558 1871 556 1873 553 1871 539 1860 537 1860 536 1860 507 1860 506 1860 504 1860 503 1860 503 1861 502 1861 499 1863 500 1908"/></Shape>
	    <String CONTENT="I don’t blame her a bit. It must be"
                    HPOS="499.0"
                    VPOS="1858.0"
                    WIDTH="987.0"
                    HEIGHT="64.0"
                    WC="0.9999364597456796"></String>
          </TextLine>
          <TextLine ID="line_18"
                    TAGREFS="LT52"
                    BASELINE="443 1985 1476 1988" 
                    HPOS="442.0"
                    VPOS="1942.0"
                    WIDTH="1034.0"
                    HEIGHT="67.0">
            <Shape><Polygon POINTS="443 1985 442 1993 520 2008 521 2009 551 2009 551 2008 553 2008 554 2008 568 1996 571 1996 686 2005 688 2005 812 2001 836 2008 837 2008 839 2008 907 2001 958 1996 970 2002 972 2003 974 2003 975 2003 1016 2003 1110 2001 1120 2005 1133 2009 1135 2009 1136 2009 1169 2005 1227 1998 1339 1998 1381 2008 1385 2009 1386 2009 1388 2009 1389 2009 1392 2009 1415 1999 1473 2009 1476 1988 1473 1949 1446 1954 1420 1949 1393 1944 1392 1944 1362 1949 1335 1955 1231 1955 1226 1949 1220 1945 1220 1944 1218 1944 1217 1944 1216 1944 1214 1944 1213 1944 1204 1949 1201 1951 1194 1949 1169 1944 1167 1944 1166 1944 1153 1949 1143 1955 1001 1955 997 1949 989 1945 989 1944 988 1944 987 1944 985 1944 940 1951 925 1952 923 1951 913 1942 911 1942 910 1942 908 1942 907 1942 906 1942 906 1944 897 1951 894 1954 840 1954 834 1951 816 1942 814 1942 813 1942 776 1951 772 1951 766 1951 699 1942 698 1942 696 1942 678 1951 675 1954 613 1954 608 1951 583 1942 581 1942 580 1942 578 1942 577 1942 577 1944 567 1951 566 1952 443 1952 443 1985"/></Shape>
	    <String CONTENT="very humiliating to be caught creeping"
                    HPOS="442.0"
                    VPOS="1942.0"
                    WIDTH="1034.0"
                    HEIGHT="67.0"
                    WC="0.9854851882708701"></String>
          </TextLine>
          <TextLine ID="line_19"
                    TAGREFS="LT52"
                    BASELINE="443 2065 782 2067" 
                    HPOS="442.0"
                    VPOS="2018.0"
                    WIDTH="340.0"
                    HEIGHT="74.0">
            <Shape><Polygon POINTS="443 2065 442 2076 469 2090 470 2090 472 2092 496 2092 496 2090 497 2090 499 2090 499 2089 512 2077 584 2090 585 2090 637 2082 649 2092 651 2092 652 2092 654 2092 780 2077 782 2067 780 2022 759 2019 758 2019 756 2019 755 2019 753 2022 742 2030 732 2023 732 2022 731 2022 729 2022 728 2022 726 2022 725 2022 725 2023 716 2030 706 2022 705 2020 705 2019 704 2019 702 2019 701 2019 699 2019 694 2022 677 2030 658 2022 652 2019 651 2019 624 2019 622 2019 621 2019 620 2019 618 2022 605 2030 573 2030 564 2022 561 2019 561 2018 560 2018 558 2018 557 2018 556 2018 549 2022 531 2030 443 2022 443 2065"/></Shape>
	    <String CONTENT="by daylight!"
                    HPOS="442.0"
                    VPOS="2018.0"
                    WIDTH="340.0"
                    HEIGHT="74.0"
                    WC="0.9746883561213812"></String>
          </TextLine>
        </TextBlock>
        <TextBlock HPOS="939"
                   VPOS="2106"
                   WIDTH="69"
                   HEIGHT="62"
                   ID="eSc_textblock_a912ca75"
                   TAGREFS="BT15">
          <Shape><Polygon POINTS="939 2106 939 2168 1008 2168 1008 2106"/></Shape>
          <TextLine ID="eSc_line_289bfc4c"
                    TAGREFS="LT52"
                    BASELINE="936 2155 1013 2156" 
                    HPOS="935"
                    VPOS="2109"
                    WIDTH="77"
                    HEIGHT="54">
            <Shape><Polygon POINTS="935 2154 935 2163 1012 2163 1012 2154 1012 2109 935 2109 935 2154"/></Shape>
	    <String CONTENT="44"
                    HPOS="935"
                    VPOS="2109"
                    WIDTH="77"
                    HEIGHT="54"
                    WC="0.9987644851207733"></String>
          </TextLine>
        </TextBlock>
        <TextBlock HPOS="976"
                   VPOS="2143"
                   WIDTH="10"
                   HEIGHT="4"
                   ID="eSc_textblock_167d98c1"
                   >
          <Shape><Polygon POINTS="986 2143 986 2147 976 2147 976 2143"/></Shape>
        </TextBlock>
        <TextBlock HPOS="465"
                   VPOS="349"
                   WIDTH="1013"
                   HEIGHT="88"
                   ID="eSc_textblock_47cf7e64"
                   TAGREFS="BT18">
          <Shape><Polygon POINTS="465 349 465 437 1478 437 1478 349"/></Shape>
        </TextBlock>
      </PrintSpace>
    </Page>
  </Layout>
</alto>
