1785 2560
324.0 393.0 1004.0 63.0 THE YELLOW WALL PAPER

302.0 517.0 1023.0 60.0 wake up in the night and find it hang¬

302.0 598.0 366.0 59.0 ing over me.

357.0 672.0 984.0 61.0 It used to disturb me at first. I

298.0 752.0 1041.0 65.0 thought seriously of burning the house

307.0 834.0 570.0 57.0 — to reach the smell.

357.0 908.0 981.0 60.0 But now I am used to it. The only

300.0 988.0 1039.0 67.0 thing I can think of that it is like is the

300.0 1072.0 977.0 64.0 color of the paper — a yellow smell!

361.0 1152.0 978.0 62.0 There is a very funny mark on this

304.0 1234.0 1040.0 61.0 wall, low down, near the mopboard. A

300.0 1314.0 1045.0 59.0 streak that runs around the room. It

305.0 1392.0 1037.0 67.0 goes behind every piece of furniture,

300.0 1473.0 1042.0 65.0 except the bed, a long, straight, even

300.0 1551.0 1039.0 64.0 smooch, as if it had been rubbed over

304.0 1638.0 262.0 50.0 and over.

358.0 1713.0 980.0 60.0 I wonder how it was done and who

300.0 1790.0 1044.0 66.0 did it, and what they did it for. Round

302.0 1877.0 1042.0 58.0 and round and round — round and

300.0 1954.0 1031.0 62.0 round and round — it makes me dizzy!

785 2035 81 55 41
