1785 2560
327.0 381.0 1005.0 71.0 THE YELLOW WALL PAPER

359.0 514.0 982.0 50.0 The wall paper, as I said before, is

301.0 580.0 1045.0 64.0 torn off in spots, and it sticketh closer

301.0 662.0 1045.0 63.0 than a brother—they must have had

305.0 743.0 872.0 60.0 perseverance as well as hatred.

362.0 820.0 983.0 61.0 Then the floor is scratched and

304.0 901.0 1040.0 67.0 gouged and splintered, the plaster it¬

301.0 981.0 1043.0 64.0 self is dug out here and there, and this

304.0 1060.0 1042.0 66.0 great heavy bed, which is all we found

305.0 1140.0 1043.0 64.0 in the room, looks as if it had been

307.0 1221.0 500.0 63.0 through the wars.

364.0 1297.0 982.0 65.0 But I don’t mind it a bit–only the

310.0 1388.0 176.0 62.0 paper.

329.0 1460.0 1019.0 63.0 There comes John’s sister. Such a

307.0 1541.0 1031.0 63.0 dear girl as she is, and so careful of

310.0 1622.0 1039.0 60.0 me! I must not let her find me

312.0 1702.0 214.0 65.0 writing.

365.0 1780.0 987.0 64.0 She is a perfect, an enthusiastic

307.0 1861.0 1045.0 63.0 housekeeper, and hopes for no bet¬

310.0 1941.0 1041.0 64.0 ter profession. I verily believe she
