1785 2560
337.0 382.0 1001.0 70.0 THE YELLOW WALL PAPER

371.0 506.0 983.0 57.0 IT is so hard to talk with John about

308.0 583.0 1041.0 59.0 my case, because he is so wise, and be¬

310.0 665.0 583.0 50.0 cause he loves me so.

368.0 738.0 633.0 65.0 But I tried it last night.

368.0 822.0 980.0 61.0 It was moonlight. The moon shines

311.0 904.0 907.0 60.0 in all around, just as the sun does.

365.0 982.0 980.0 61.0 I hate to see it sometimes, it creeps

311.0 1065.0 1037.0 61.0 so slowly, and always comes in by one

312.0 1142.0 524.0 58.0 window or another.

371.0 1221.0 977.0 63.0 John was asleep and I hated to

312.0 1301.0 1039.0 61.0 waken him, so I kept still and watched

307.0 1380.0 1042.0 64.0 the moonlight on that undulating wall

314.0 1462.0 604.0 66.0 paper till I felt creepy.

369.0 1538.0 979.0 64.0 The faint figure behind seemed to

308.0 1624.0 1043.0 61.0 shake the pattern, just as if she wanted

310.0 1706.0 304.0 61.0 to get out.

371.0 1782.0 980.0 64.0 I got up softly and went to feel

308.0 1863.0 1043.0 61.0 and see if the paper did move, and

311.0 1942.0 1021.0 63.0 when I came back John was awake.

790 2022 100 55 29
