1785 2560
338.0 375.0 1004.0 73.0 THE YELLOW WALL PAPER

311.0 496.0 1043.0 64.0 that awful pattern began to laugh at

312.0 574.0 1040.0 64.0 me I declared I would finish it to¬

314.0 652.0 146.0 70.0 day!

375.0 739.0 976.0 64.0 We go away to-morrow, and they are

311.0 820.0 1038.0 63.0 moving all my furniture down again

311.0 896.0 1001.0 62.0 to leave things as they were before.

368.0 974.0 980.0 67.0 Jennie looked at the wall in amaze¬

308.0 1056.0 1037.0 63.0 ment, but I told her merrily that I

307.0 1134.0 1039.0 64.0 did it out of pure spite at the vicious

310.0 1216.0 152.0 68.0 thing.

362.0 1292.0 989.0 66.0 She laughed and said she wouldn’t

305.0 1376.0 1046.0 64.0 mind doing it herself, but I must not get

304.0 1453.0 159.0 64.0 tired.

365.0 1533.0 983.0 65.0 How she betrayed herself that time!

362.0 1617.0 982.0 62.0 But I am here, and no person touches

304.0 1699.0 825.0 61.0 this paper but me— not alive!

358.0 1777.0 986.0 63.0 She tried to get me out of the room

320.0 1856.0 1022.0 65.0 — it was too patent! But I said it was

304.0 1939.0 1041.0 64.0 so quiet and empty and clean now that

772 2013 105 77 49
