1785 2560
314.0 384.0 1000.0 71.0 THE YELLOW WALL PAPER

344.0 513.0 984.0 51.0 I didn’t realize for a long time what

285.0 581.0 1032.0 63.0 the thing was that showed behind, —

285.0 664.0 1042.0 61.0 that dim sub-pattern, — but now I am

288.0 746.0 662.0 58.0 quite sure it is a woman.

345.0 820.0 979.0 68.0 By daylight she is subdued, quiet. I

287.0 904.0 1038.0 63.0 fancy it is the pattern that keeps her so

288.0 984.0 1040.0 64.0 still. It is so puzzling. It keeps me

292.0 1063.0 513.0 64.0 quiet by the hour.

348.0 1144.0 983.0 62.0 I lie down ever so much now. John

292 1218 1057 79 says it is good for me, and to sleep all

291.0 1305.0 168.0 60.0 I can.

348.0 1380.0 973.0 67.0 Indeed, he started the habit by making

291.0 1464.0 1041.0 53.0 me lie down for an hour after each meal.

349.0 1541.0 982.0 67.0 It is a very bad habit, I am convinced,

294.0 1624.0 690.0 67.0 for, you see, I don’t slecp.

352.0 1703.0 982.0 56.0 And that cultivates deceit, for I don’t

295.0 1782.0 825.0 64.0 tell them l’m awake, — oh, no!

354.0 1861.0 975.0 70.0 The fact is, I am getting a little afraid

294.0 1942.0 216.0 70.0 of John.

779 2030 72 58 35
