<?xml version="1.0" encoding="UTF-8"?>
<alto xmlns:xsi="http://www.w3.org/2001/XMLSchema-instance"
      xmlns="http://www.loc.gov/standards/alto/ns-v4#"
      xsi:schemaLocation="http://www.loc.gov/standards/alto/ns-v4# http://www.loc.gov/standards/alto/v4/alto-4-2.xsd">
  <Description>
    <MeasurementUnit>pixel</MeasurementUnit>
    <sourceImageInformation>
      <fileName>page_00032.png</fileName>
    </sourceImageInformation>
  </Description>
  <Tags>
    <OtherTag ID="BT7" LABEL="CustomZone" DESCRIPTION="block type CustomZone"/><OtherTag ID="BT8" LABEL="DamageZone" DESCRIPTION="block type DamageZone"/><OtherTag ID="BT9" LABEL="DigitizationArtefactZone" DESCRIPTION="block type DigitizationArtefactZone"/><OtherTag ID="BT10" LABEL="DropCapitalZone" DESCRIPTION="block type DropCapitalZone"/><OtherTag ID="BT11" LABEL="GraphicZone" DESCRIPTION="block type GraphicZone"/><OtherTag ID="BT12" LABEL="MainZone" DESCRIPTION="block type MainZone"/><OtherTag ID="BT13" LABEL="MarginTextZone" DESCRIPTION="block type MarginTextZone"/><OtherTag ID="BT14" LABEL="MusicZone" DESCRIPTION="block type MusicZone"/><OtherTag ID="BT15" LABEL="NumberingZone" DESCRIPTION="block type NumberingZone"/><OtherTag ID="BT17" LABEL="QuireMarksZone" DESCRIPTION="block type QuireMarksZone"/><OtherTag ID="BT18" LABEL="RunningTitleZone" DESCRIPTION="block type RunningTitleZone"/><OtherTag ID="BT19" LABEL="SealZone" DESCRIPTION="block type SealZone"/><OtherTag ID="BT20" LABEL="StampZone" DESCRIPTION="block type StampZone"/><OtherTag ID="BT21" LABEL="TableZone" DESCRIPTION="block type TableZone"/><OtherTag ID="BT22" LABEL="TitlePageZone" DESCRIPTION="block type TitlePageZone"/>
    <OtherTag ID="LT7" LABEL="CustomLine" DESCRIPTION="line type CustomLine"/><OtherTag ID="LT8" LABEL="DefaultLine" DESCRIPTION="line type DefaultLine"/><OtherTag ID="LT9" LABEL="DropCapitalLine" DESCRIPTION="line type DropCapitalLine"/><OtherTag ID="LT10" LABEL="HeadingLine" DESCRIPTION="line type HeadingLine"/><OtherTag ID="LT11" LABEL="InterlinearLine" DESCRIPTION="line type InterlinearLine"/><OtherTag ID="LT12" LABEL="MusicLine" DESCRIPTION="line type MusicLine"/><OtherTag ID="LT52" LABEL="default" DESCRIPTION="line type default"/>
  </Tags>
  <Layout>
    <Page WIDTH="1785"
          HEIGHT="2560"
          PHYSICAL_IMG_NR="30"
          ID="eSc_dummypage_">
      <PrintSpace HPOS="0"
                  VPOS="0"
                  WIDTH="1785"
                  HEIGHT="2560">
        <TextBlock HPOS="439"
                   VPOS="323"
                   WIDTH="1022"
                   HEIGHT="89"
                   ID="eSc_textblock_60484cd3"
                   TAGREFS="BT18">
          <Shape><Polygon POINTS="439 323 439 412 1461 412 1461 323"/></Shape>
          <TextLine ID="line_0"
                    TAGREFS="LT8"
                    BASELINE="438 398 1442 395" 
                    HPOS="436"
                    VPOS="341"
                    WIDTH="1006"
                    HEIGHT="71">
            <Shape><Polygon POINTS="438 398 438 412 584 405 1439 406 1442 395 1439 352 1305 344 1304 344 1302 344 1301 344 1291 351 1278 342 1277 342 1275 342 1274 342 1272 342 1271 342 1261 351 1217 344 1216 344 1162 351 1160 351 1159 351 1132 342 1130 342 1129 342 1127 342 1126 342 1112 351 1086 342 1085 342 1083 342 1082 342 1080 342 1069 351 1059 342 1059 341 1058 341 1056 341 1055 341 1053 341 1052 341 1039 349 1031 342 1029 342 1028 342 964 342 962 342 961 342 940 351 937 352 933 351 918 344 917 344 823 344 822 344 820 344 819 344 810 351 807 352 803 351 782 344 780 344 779 344 778 344 752 351 745 352 743 351 738 345 736 345 735 345 657 342 655 342 620 351 611 352 601 351 574 344 573 344 571 344 436 349 438 398"/></Shape>
	    <String CONTENT="THE YELLOW WALL PAPER"
                    HPOS="436"
                    VPOS="341"
                    WIDTH="1006"
                    HEIGHT="71"
                    WC="0.9998112973712739"></String>
          </TextLine>
        </TextBlock>
        <TextBlock HPOS="390"
                   VPOS="454"
                   WIDTH="1090"
                   HEIGHT="1520"
                   ID="block_0"
                   TAGREFS="BT12">
          <Shape><Polygon POINTS="1472 454 1480 1974 390 1974 398 458"/></Shape>
          <TextLine ID="line_1"
                    TAGREFS="LT8"
                    BASELINE="469 507 1189 503" 
                    HPOS="467"
                    VPOS="459"
                    WIDTH="722"
                    HEIGHT="64">
            <Shape><Polygon POINTS="469 507 469 514 516 521 517 521 519 521 546 514 547 514 549 514 563 521 564 521 566 521 567 521 585 514 587 514 611 523 613 523 614 523 615 523 617 523 617 521 625 514 705 521 706 521 708 521 709 521 721 513 722 513 750 520 752 520 753 520 820 513 833 521 834 521 836 521 837 523 903 523 903 521 904 521 906 521 906 520 914 513 1066 520 1068 520 1069 520 1092 512 1099 519 1099 520 1100 520 1102 520 1103 520 1156 513 1171 520 1173 520 1174 520 1176 520 1177 520 1189 510 1189 503 1187 466 1163 459 1162 459 1160 459 1159 459 1157 459 1157 460 1150 466 1146 472 1083 473 1071 467 1053 459 1052 459 1051 459 1049 459 1048 459 1048 460 1039 467 1034 473 1018 467 992 459 991 459 989 459 988 459 958 469 938 476 796 476 783 470 752 460 750 460 749 460 748 460 725 472 719 475 712 472 694 462 692 462 658 462 657 462 655 462 635 473 631 475 620 473 563 462 561 462 560 462 558 462 558 463 547 473 544 477 527 477 524 475 514 465 514 463 513 463 512 463 476 462 475 462 473 462 472 462 472 463 470 463 467 465 469 507"/></Shape>
	    <String CONTENT="It dwells in my mind so!"
                    HPOS="467"
                    VPOS="459"
                    WIDTH="722"
                    HEIGHT="64"
                    WC="0.9984779705603918"></String>
          </TextLine>
          <TextLine ID="line_2"
                    TAGREFS="LT8"
                    BASELINE="466 588 1452 584" 
                    HPOS="465"
                    VPOS="540"
                    WIDTH="987"
                    HEIGHT="64">
            <Shape><Polygon POINTS="466 588 466 595 674 603 675 603 768 595 785 603 786 603 787 603 962 594 972 603 974 603 975 603 977 604 1022 604 1022 603 1024 603 1041 595 1113 601 1115 601 1116 601 1117 601 1117 600 1126 593 1132 593 1297 601 1298 601 1299 601 1301 601 1309 594 1317 601 1318 601 1319 601 1321 603 1439 603 1439 601 1440 601 1442 601 1452 591 1452 584 1450 554 1416 540 1415 540 1366 540 1365 540 1363 540 1338 554 1224 554 1174 540 1173 540 1171 540 1170 540 1140 553 1109 541 1107 541 1106 541 1105 541 1071 554 1069 554 968 554 915 554 901 541 900 541 898 541 871 541 870 541 869 541 867 541 853 554 851 554 849 554 807 548 806 548 699 554 661 556 658 554 645 543 644 543 642 543 622 543 621 543 620 543 618 543 618 544 607 554 605 556 601 554 568 543 567 543 566 543 516 550 473 543 472 543 470 543 469 543 469 544 467 544 465 546 466 588"/></Shape>
	    <String CONTENT="I lie here on this great immovable"
                    HPOS="465"
                    VPOS="540"
                    WIDTH="987"
                    HEIGHT="64"
                    WC="0.9991939173025244"></String>
          </TextLine>
          <TextLine ID="line_3"
                    TAGREFS="LT8"
                    BASELINE="411 668 1446 662" 
                    HPOS="409"
                    VPOS="618"
                    WIDTH="1037"
                    HEIGHT="64">
            <Shape><Polygon POINTS="411 668 411 674 503 681 504 681 506 681 507 681 514 674 516 674 603 674 605 674 642 682 644 682 645 682 647 682 658 674 711 681 712 681 714 681 741 674 743 672 745 674 752 679 753 679 755 679 890 682 891 682 893 682 923 672 927 671 930 672 945 681 947 681 948 681 989 679 991 679 992 679 1001 672 1002 671 1008 672 1056 681 1058 682 1098 682 1098 681 1099 681 1100 681 1112 671 1125 681 1126 681 1127 681 1129 681 1130 681 1157 671 1159 671 1160 671 1183 681 1184 681 1186 681 1445 669 1446 662 1443 634 1302 634 1301 632 1274 618 1272 618 1241 618 1240 618 1238 618 1237 618 1217 631 1214 634 1211 631 1196 618 1194 618 1193 618 1191 618 1190 618 1166 631 1153 620 1152 620 1150 620 1127 620 1126 620 1125 620 1123 620 1110 631 1103 635 1063 630 1036 627 1035 627 1015 630 998 632 991 630 971 620 970 620 951 620 950 620 948 620 947 620 935 630 928 634 921 628 911 621 910 621 908 621 907 621 906 621 883 628 870 632 849 628 812 621 810 621 782 628 745 637 705 627 681 621 679 621 678 621 677 621 675 621 669 627 657 638 637 627 630 622 628 622 611 622 610 622 608 622 607 622 603 627 588 640 533 640 517 625 514 622 513 622 512 622 510 622 493 625 450 634 439 625 436 622 435 622 433 622 432 622 409 624 411 668"/></Shape>
	    <String CONTENT="bed — it is nailed down, I believe —"
                    HPOS="409"
                    VPOS="618"
                    WIDTH="1037"
                    HEIGHT="64"
                    WC="0.9996114555332396"></String>
          </TextLine>
          <TextLine ID="line_4"
                    TAGREFS="LT8"
                    BASELINE="408 748 1450 743" 
                    HPOS="406"
                    VPOS="701"
                    WIDTH="1044"
                    HEIGHT="64">
            <Shape><Polygon POINTS="408 748 408 756 641 763 642 763 644 763 645 763 654 756 655 756 729 756 745 763 746 763 748 763 839 755 847 755 849 755 857 763 859 763 860 763 861 765 900 765 900 763 1056 755 1061 755 1065 755 1233 760 1234 760 1235 760 1263 753 1264 753 1272 762 1274 762 1275 762 1277 763 1329 763 1329 762 1331 762 1359 753 1369 762 1371 762 1372 762 1373 763 1439 763 1439 762 1440 762 1442 762 1450 753 1450 743 1446 713 1415 713 1413 713 1386 701 1385 701 1383 701 1382 701 1381 701 1362 713 1359 715 1299 715 1298 713 1270 701 1268 701 1267 701 1265 701 1264 701 1250 713 1228 704 1227 704 1226 704 1224 704 1223 704 1211 713 1162 713 1156 713 1122 701 1120 701 1119 701 1117 701 1116 701 1096 715 1093 715 1015 715 974 715 941 705 940 705 938 705 937 705 935 705 925 713 844 715 840 715 826 704 824 704 823 704 822 704 820 704 785 713 755 702 753 702 752 702 750 702 723 716 722 716 711 716 546 704 544 704 543 704 541 704 527 715 513 704 512 704 510 704 486 704 485 704 483 704 482 704 469 713 430 709 429 709 428 709 406 715 408 748"/></Shape>
	    <String CONTENT="and follow that pattern about by the"
                    HPOS="406"
                    VPOS="701"
                    WIDTH="1044"
                    HEIGHT="64"
                    WC="0.9946082019143634"></String>
          </TextLine>
          <TextLine ID="line_5"
                    TAGREFS="LT8"
                    BASELINE="408 829 1450 826" 
                    HPOS="406"
                    VPOS="783"
                    WIDTH="1044"
                    HEIGHT="63">
            <Shape><Polygon POINTS="408 829 408 836 465 843 466 843 467 843 469 843 479 836 482 836 679 836 685 836 716 843 718 843 748 836 752 836 756 836 796 843 797 843 799 843 826 836 829 836 840 846 842 846 843 846 844 846 955 836 979 834 988 836 1011 841 1012 841 1014 841 1053 836 1066 834 1069 836 1079 844 1080 844 1082 844 1083 844 1287 837 1391 844 1392 844 1393 844 1395 844 1405 836 1406 834 1410 836 1435 843 1436 843 1437 843 1439 843 1440 843 1450 836 1450 826 1447 783 1419 783 1418 783 1416 783 1415 783 1396 797 1351 797 1324 783 1322 783 1321 783 1319 783 1315 783 1261 796 1102 789 1100 789 1099 789 1098 789 1085 797 1019 789 1018 789 1016 789 999 797 987 786 984 783 982 783 981 783 979 783 954 786 847 799 770 790 769 790 768 790 732 799 712 787 708 785 706 785 705 785 685 785 684 785 682 785 681 785 678 787 667 796 655 787 651 785 649 785 648 785 607 785 605 785 604 785 603 785 598 789 585 800 546 800 536 790 534 790 533 790 531 790 452 796 443 789 438 785 436 785 435 785 433 785 406 789 408 829"/></Shape>
	    <String CONTENT="hour. It is as good as gymnastics, I"
                    HPOS="406"
                    VPOS="783"
                    WIDTH="1044"
                    HEIGHT="63"
                    WC="0.9917815493212806"></String>
          </TextLine>
          <TextLine ID="line_6"
                    TAGREFS="LT8"
                    BASELINE="408 910 1450 907" 
                    HPOS="406"
                    VPOS="864"
                    WIDTH="1044"
                    HEIGHT="63">
            <Shape><Polygon POINTS="408 910 408 915 566 923 567 923 568 923 581 915 591 924 591 925 593 925 594 925 595 927 631 927 631 925 632 925 634 925 642 918 709 923 711 923 712 923 714 923 723 915 725 915 729 915 960 924 961 924 962 924 964 924 975 914 977 914 1035 914 1043 921 1045 921 1046 921 1048 921 1149 914 1150 914 1152 914 1257 924 1258 924 1260 924 1261 924 1272 914 1288 923 1290 923 1291 923 1356 914 1371 924 1372 924 1373 924 1375 925 1432 925 1432 924 1433 924 1435 924 1450 913 1450 907 1447 880 1418 877 1403 864 1402 864 1400 864 1399 864 1371 866 1369 866 1368 866 1354 878 1324 864 1322 864 1321 864 1319 864 1284 878 1167 868 1166 868 1164 868 1139 878 1123 864 1122 864 1120 864 1061 864 1059 864 982 880 957 880 940 866 938 866 937 866 935 866 934 866 900 874 864 866 863 866 861 866 860 866 826 878 812 866 810 866 809 866 772 866 770 866 769 866 768 866 750 880 658 870 657 870 581 880 567 870 566 870 564 870 430 870 429 870 428 870 406 880 408 910"/></Shape>
	    <String CONTENT="assure you. I start, we’ll say, at the"
                    HPOS="406"
                    VPOS="864"
                    WIDTH="1044"
                    HEIGHT="63"
                    WC="0.9994516529534992"></String>
          </TextLine>
          <TextLine ID="line_7"
                    TAGREFS="LT8"
                    BASELINE="409 988 1449 985" 
                    HPOS="408"
                    VPOS="944"
                    WIDTH="1041"
                    HEIGHT="52">
            <Shape><Polygon POINTS="409 988 409 996 1447 995 1449 985 1446 957 1365 957 1363 955 1351 944 1349 944 1348 944 1346 944 1345 944 1309 955 1307 955 1200 954 928 950 927 950 925 950 924 950 923 951 917 955 913 951 906 945 904 945 903 945 873 945 871 945 870 945 854 951 840 957 817 951 796 945 795 945 793 945 792 945 790 945 783 951 773 957 696 950 642 945 641 945 640 945 638 945 634 950 624 958 597 958 537 948 512 945 510 945 492 948 452 955 442 948 439 945 438 945 436 945 435 945 408 947 409 988"/></Shape>
	    <String CONTENT="bottom, down in the corner over there"
                    HPOS="408"
                    VPOS="944"
                    WIDTH="1041"
                    HEIGHT="52"
                    WC="0.9997560607420432"></String>
          </TextLine>
          <TextLine ID="line_8"
                    TAGREFS="LT8"
                    BASELINE="413 1069 1453 1069" 
                    HPOS="413"
                    VPOS="1024"
                    WIDTH="1040"
                    HEIGHT="54">
            <Shape><Polygon POINTS="413 1069 413 1078 1453 1078 1453 1069 1453 1026 1419 1024 1418 1024 1416 1024 1415 1024 1415 1025 1412 1026 1405 1033 1383 1026 1373 1024 1372 1024 1371 1024 1369 1024 1368 1024 1365 1026 1352 1038 1277 1038 1265 1028 1261 1024 1260 1024 1258 1024 1237 1024 1235 1024 1234 1024 1220 1028 1196 1036 1176 1029 1163 1024 1162 1024 1160 1024 1159 1024 1147 1029 1132 1036 1076 1036 1069 1031 1063 1025 1062 1025 1061 1025 1059 1025 1058 1025 1056 1025 1051 1031 1042 1038 934 1038 927 1032 918 1024 917 1024 915 1024 896 1024 894 1024 893 1024 891 1024 881 1032 877 1036 871 1032 861 1025 860 1025 859 1025 857 1025 856 1025 833 1032 820 1038 708 1038 701 1033 672 1024 671 1024 669 1024 668 1024 667 1024 651 1035 648 1036 642 1035 610 1024 608 1024 607 1024 605 1024 604 1024 591 1035 588 1038 497 1038 496 1036 465 1024 463 1024 462 1024 460 1024 413 1036 413 1069"/></Shape>
	    <String CONTENT="where it has not been touched, and I"
                    HPOS="413"
                    VPOS="1024"
                    WIDTH="1040"
                    HEIGHT="54"
                    WC="0.997790139582422"></String>
          </TextLine>
          <TextLine ID="line_9"
                    TAGREFS="LT8"
                    BASELINE="408 1149 1455 1149" 
                    HPOS="408"
                    VPOS="1105"
                    WIDTH="1047"
                    HEIGHT="54">
            <Shape><Polygon POINTS="408 1149 408 1159 1455 1159 1455 1149 1455 1115 1439 1106 1437 1106 1436 1106 1435 1106 1433 1106 1432 1106 1420 1115 1363 1105 1362 1105 1361 1105 1359 1105 1339 1117 1285 1117 1221 1105 1220 1105 1218 1105 1181 1116 1169 1105 1167 1105 1166 1105 1110 1105 1109 1105 1107 1105 1106 1105 1092 1117 950 1117 914 1105 913 1105 911 1105 910 1105 908 1105 890 1117 839 1117 824 1105 823 1105 822 1105 797 1105 796 1105 795 1105 770 1116 704 1105 702 1105 701 1105 699 1105 685 1117 644 1117 600 1105 598 1105 597 1105 595 1105 576 1116 503 1116 490 1106 489 1106 487 1106 486 1106 485 1106 483 1106 472 1115 429 1105 428 1105 426 1105 425 1105 408 1115 408 1149"/></Shape>
	    <String CONTENT="determine for the thousandth time that"
                    HPOS="408"
                    VPOS="1105"
                    WIDTH="1047"
                    HEIGHT="54"
                    WC="0.9990498031440534"></String>
          </TextLine>
          <TextLine ID="line_10"
                    TAGREFS="LT8"
                    BASELINE="411 1228 1450 1225" 
                    HPOS="409"
                    VPOS="1181"
                    WIDTH="1041"
                    HEIGHT="66">
            <Shape><Polygon POINTS="411 1228 411 1238 647 1238 678 1245 679 1245 681 1245 682 1245 716 1237 732 1244 733 1244 735 1244 736 1244 758 1237 759 1237 765 1237 891 1244 893 1244 894 1244 896 1244 903 1237 927 1247 928 1247 930 1247 987 1238 1144 1243 1146 1243 1147 1243 1149 1243 1156 1237 1169 1245 1170 1245 1171 1245 1173 1245 1329 1238 1359 1244 1361 1244 1362 1244 1363 1244 1372 1235 1406 1245 1408 1245 1409 1245 1410 1245 1450 1234 1450 1225 1447 1197 1420 1197 1420 1196 1408 1186 1406 1186 1405 1186 1403 1186 1402 1186 1400 1186 1388 1196 1388 1197 1285 1197 1282 1196 1253 1186 1251 1186 1250 1186 1248 1186 1247 1186 1235 1196 1103 1196 1099 1194 1075 1181 1073 1181 1072 1181 1071 1181 1032 1193 994 1181 992 1181 991 1181 989 1181 965 1193 960 1196 954 1193 947 1190 945 1190 944 1190 942 1190 935 1193 924 1197 908 1193 884 1186 883 1186 881 1186 880 1186 861 1193 849 1197 843 1193 832 1183 830 1183 829 1183 827 1183 826 1183 803 1191 789 1197 716 1197 706 1191 689 1183 688 1183 611 1183 610 1183 608 1183 607 1183 598 1190 597 1191 594 1190 585 1183 584 1183 583 1183 526 1183 524 1183 523 1183 494 1190 467 1197 456 1190 446 1183 445 1183 443 1183 442 1183 409 1188 411 1228"/></Shape>
	    <String CONTENT="I will follow that pointless pattern to"
                    HPOS="409"
                    VPOS="1181"
                    WIDTH="1041"
                    HEIGHT="66"></String>
          </TextLine>
          <TextLine ID="line_11"
                    TAGREFS="LT8"
                    BASELINE="411 1307 1142 1309" 
                    HPOS="409"
                    VPOS="1265"
                    WIDTH="733"
                    HEIGHT="60">
            <Shape><Polygon POINTS="411 1307 409 1318 412 1321 413 1321 413 1322 415 1322 416 1322 418 1322 775 1315 802 1324 803 1324 805 1324 806 1324 807 1324 819 1316 851 1324 853 1325 1072 1325 1072 1324 1140 1315 1142 1309 1140 1282 1058 1267 1056 1267 1011 1275 960 1267 958 1267 957 1267 955 1267 933 1281 931 1281 887 1271 886 1271 844 1281 840 1281 836 1281 795 1272 793 1272 792 1272 790 1272 783 1278 775 1267 773 1267 773 1265 772 1265 770 1265 769 1265 718 1270 716 1270 715 1270 702 1280 702 1281 685 1281 685 1280 672 1267 672 1265 671 1265 669 1265 668 1265 667 1265 631 1275 593 1271 591 1271 590 1271 588 1271 576 1280 573 1280 537 1272 536 1272 411 1278 411 1307"/></Shape>
	    <String CONTENT="some sort of a conclusion."
                    HPOS="409"
                    VPOS="1265"
                    WIDTH="733"
                    HEIGHT="60"
                    WC="0.9770027720011197"></String>
          </TextLine>
          <TextLine ID="line_12"
                    TAGREFS="LT8"
                    BASELINE="465 1389 1449 1386" 
                    HPOS="463"
                    VPOS="1341"
                    WIDTH="986"
                    HEIGHT="65">
            <Shape><Polygon POINTS="465 1389 465 1396 876 1403 877 1403 913 1396 954 1403 955 1403 957 1403 958 1403 968 1395 970 1395 974 1395 1006 1402 1008 1402 1080 1395 1088 1395 1089 1395 1099 1403 1099 1405 1100 1405 1102 1405 1103 1406 1335 1406 1335 1405 1385 1395 1406 1405 1408 1405 1409 1405 1410 1405 1449 1393 1449 1386 1443 1342 1412 1356 1329 1356 1317 1344 1314 1342 1314 1341 1312 1341 1311 1341 1309 1341 1308 1341 1299 1344 1280 1353 1263 1345 1254 1341 1253 1341 1251 1341 1250 1341 1241 1345 1220 1356 1194 1345 1183 1341 1181 1341 1180 1341 1154 1346 1107 1358 1055 1358 1043 1348 1036 1341 1035 1341 1034 1341 1032 1341 1031 1341 1011 1348 992 1355 977 1349 958 1341 957 1341 955 1341 954 1341 935 1349 915 1359 887 1359 871 1351 857 1342 856 1342 854 1342 853 1342 820 1351 817 1351 816 1351 765 1342 763 1342 762 1342 760 1342 750 1352 742 1358 658 1353 608 1351 607 1351 605 1351 604 1351 600 1353 595 1358 584 1353 547 1342 546 1342 544 1342 543 1342 513 1351 477 1342 476 1342 475 1342 473 1342 472 1342 472 1344 463 1351 465 1389"/></Shape>
	    <String CONTENT="I know a little of the principles of"
                    HPOS="463"
                    VPOS="1341"
                    WIDTH="986"
                    HEIGHT="65"
                    WC="0.9808826148509979"></String>
          </TextLine>
          <TextLine ID="line_13"
                    TAGREFS="LT8"
                    BASELINE="408 1469 1455 1466" 
                    HPOS="406"
                    VPOS="1422"
                    WIDTH="1049"
                    HEIGHT="67">
            <Shape><Polygon POINTS="408 1469 408 1477 500 1479 510 1487 512 1487 513 1487 514 1489 597 1489 597 1487 598 1487 600 1487 611 1477 613 1477 654 1477 873 1484 874 1484 876 1484 877 1484 887 1477 890 1477 917 1477 1038 1483 1039 1483 1065 1477 1078 1476 1100 1477 1173 1486 1174 1487 1220 1487 1220 1486 1221 1486 1223 1486 1223 1484 1231 1477 1233 1476 1240 1477 1263 1484 1264 1484 1265 1484 1267 1484 1268 1484 1275 1479 1281 1484 1282 1484 1284 1484 1285 1484 1335 1477 1354 1476 1366 1477 1406 1486 1408 1486 1453 1477 1455 1466 1453 1436 1439 1426 1437 1426 1436 1426 1435 1426 1433 1426 1432 1426 1432 1427 1420 1437 1179 1437 1149 1422 1147 1422 1146 1422 1144 1422 1123 1429 1099 1422 1098 1422 1096 1422 1095 1422 1049 1436 1026 1422 1025 1422 1024 1422 972 1422 971 1422 970 1422 968 1422 944 1436 694 1423 692 1423 691 1423 689 1423 674 1436 631 1430 630 1430 584 1437 502 1423 500 1423 499 1423 475 1436 432 1423 430 1423 429 1423 428 1423 426 1423 406 1436 408 1469"/></Shape>
	    <String CONTENT="design, and I know this thing was not"
                    HPOS="406"
                    VPOS="1422"
                    WIDTH="1049"
                    HEIGHT="67"
                    WC="0.9996502109476038"></String>
          </TextLine>
          <TextLine ID="line_14"
                    TAGREFS="LT8"
                    BASELINE="409 1548 1452 1545" 
                    HPOS="408"
                    VPOS="1504"
                    WIDTH="1044"
                    HEIGHT="63">
            <Shape><Polygon POINTS="409 1548 409 1557 585 1567 587 1567 588 1567 613 1558 692 1564 694 1564 762 1557 765 1557 768 1557 851 1567 853 1567 854 1567 856 1567 869 1557 925 1564 927 1564 928 1564 930 1564 938 1557 944 1563 945 1563 947 1563 948 1563 950 1563 970 1555 971 1555 972 1555 987 1563 988 1563 989 1563 991 1563 1004 1555 1005 1555 1009 1555 1045 1563 1046 1563 1110 1555 1117 1555 1133 1555 1369 1565 1371 1565 1372 1565 1373 1565 1389 1555 1408 1565 1409 1565 1410 1565 1412 1565 1452 1554 1452 1545 1449 1518 1315 1518 1288 1504 1287 1504 1285 1504 1284 1504 1247 1514 1186 1504 1184 1504 1183 1504 1181 1504 1169 1516 1116 1517 1099 1504 1098 1504 1096 1504 1071 1504 1069 1504 1068 1504 1032 1517 881 1506 880 1506 878 1506 877 1506 863 1517 780 1511 779 1511 778 1511 776 1511 766 1520 669 1520 652 1506 651 1506 649 1506 622 1506 621 1506 620 1506 618 1506 607 1514 426 1511 425 1511 423 1511 408 1518 409 1548"/></Shape>
	    <String CONTENT="arranged on any laws of radiation, or"
                    HPOS="408"
                    VPOS="1504"
                    WIDTH="1044"
                    HEIGHT="63"
                    WC="0.9962980924425898"></String>
          </TextLine>
          <TextLine ID="line_15"
                    TAGREFS="LT8"
                    BASELINE="409 1625 1449 1631" 
                    HPOS="408"
                    VPOS="1584"
                    WIDTH="1041"
                    HEIGHT="64">
            <Shape><Polygon POINTS="409 1625 408 1636 418 1644 419 1644 421 1644 422 1644 659 1638 709 1645 711 1645 712 1645 714 1645 725 1636 837 1636 847 1638 887 1645 888 1645 890 1645 915 1638 925 1636 964 1639 1053 1646 1055 1646 1056 1646 1075 1641 1086 1638 1167 1638 1176 1642 1187 1648 1189 1648 1190 1648 1264 1644 1329 1639 1446 1645 1449 1631 1447 1601 1371 1588 1369 1588 1328 1597 1110 1591 1109 1591 1061 1598 1059 1598 1056 1598 999 1587 931 1587 930 1587 928 1587 894 1597 829 1590 827 1590 826 1590 806 1597 805 1598 691 1598 686 1597 631 1584 630 1584 493 1595 486 1595 483 1595 446 1584 445 1584 443 1584 442 1584 409 1594 409 1625"/></Shape>
	    <String CONTENT="alternation, or repetition, or symmetry,"
                    HPOS="408"
                    VPOS="1584"
                    WIDTH="1041"
                    HEIGHT="64"
                    WC="0.995750518143177"></String>
          </TextLine>
          <TextLine ID="line_16"
                    TAGREFS="LT8"
                    BASELINE="411 1708 1455 1708" 
                    HPOS="411"
                    VPOS="1665"
                    WIDTH="1044"
                    HEIGHT="63">
            <Shape><Polygon POINTS="411 1708 411 1716 425 1723 426 1723 428 1723 496 1716 550 1726 551 1728 731 1728 731 1726 732 1726 733 1726 733 1725 743 1716 768 1723 769 1723 770 1725 847 1725 847 1723 849 1723 850 1723 859 1716 896 1723 897 1725 984 1725 984 1723 985 1723 987 1723 995 1716 1009 1723 1011 1723 1012 1723 1014 1723 1036 1716 1069 1723 1071 1723 1072 1723 1090 1716 1100 1723 1102 1723 1103 1723 1105 1723 1106 1723 1107 1723 1116 1716 1129 1723 1130 1723 1132 1723 1174 1716 1345 1723 1346 1723 1379 1716 1398 1726 1399 1726 1400 1726 1455 1715 1455 1708 1455 1672 1423 1665 1422 1665 1420 1665 1419 1665 1418 1665 1418 1666 1409 1673 1406 1676 1365 1676 1355 1673 1332 1665 1331 1665 1329 1665 1328 1665 1327 1665 1317 1673 1315 1675 1238 1676 1230 1673 1204 1665 1203 1665 1201 1665 1200 1665 1199 1665 1189 1673 1184 1678 1052 1678 1049 1675 1038 1665 1036 1665 1035 1665 1034 1665 989 1673 978 1665 977 1665 975 1665 974 1665 972 1665 938 1675 928 1666 928 1665 927 1665 925 1665 896 1665 894 1665 893 1665 891 1665 880 1675 877 1678 829 1678 823 1675 783 1665 782 1665 780 1665 779 1665 759 1676 756 1678 692 1678 691 1676 664 1665 662 1665 601 1665 600 1665 598 1665 560 1676 558 1678 411 1678 411 1708"/></Shape>
	    <String CONTENT="or anything else that I ever heard of."
                    HPOS="411"
                    VPOS="1665"
                    WIDTH="1044"
                    HEIGHT="63"
                    WC="0.9991783938909832"></String>
          </TextLine>
          <TextLine ID="line_17"
                    TAGREFS="LT8"
                    BASELINE="466 1790 1450 1787" 
                    HPOS="465"
                    VPOS="1743"
                    WIDTH="985"
                    HEIGHT="64">
            <Shape><Polygon POINTS="466 1790 466 1796 591 1803 593 1803 594 1803 595 1803 604 1797 607 1796 671 1796 674 1797 691 1807 692 1807 694 1807 695 1807 836 1799 881 1807 883 1807 884 1807 886 1807 897 1797 900 1796 907 1797 947 1804 948 1804 950 1804 972 1797 984 1794 1025 1794 1029 1797 1036 1803 1038 1803 1039 1803 1041 1803 1153 1797 1170 1797 1171 1797 1190 1806 1191 1806 1193 1807 1216 1807 1216 1806 1217 1806 1218 1806 1228 1797 1231 1794 1244 1797 1277 1806 1278 1806 1280 1807 1319 1807 1319 1806 1321 1806 1322 1806 1322 1804 1331 1797 1335 1794 1359 1794 1363 1797 1371 1803 1371 1804 1372 1804 1373 1804 1375 1804 1449 1797 1450 1787 1447 1760 1422 1760 1422 1759 1403 1743 1402 1743 1400 1743 1399 1743 1398 1743 1358 1759 1351 1759 1294 1757 1278 1743 1277 1743 1275 1743 1274 1743 1272 1743 1241 1759 1240 1760 1201 1760 1200 1759 1189 1750 1187 1750 1186 1750 1069 1750 1068 1750 1066 1750 1065 1750 1058 1757 1045 1750 1043 1750 1042 1750 1041 1750 1015 1757 1011 1759 1011 1757 994 1743 992 1743 991 1743 989 1743 988 1743 940 1757 928 1762 893 1762 888 1757 876 1746 876 1745 874 1745 873 1745 847 1745 846 1745 844 1745 843 1745 843 1746 833 1755 799 1745 797 1745 796 1745 795 1745 762 1757 759 1757 752 1757 688 1749 686 1749 635 1756 610 1760 603 1756 581 1745 580 1745 563 1745 561 1745 560 1745 558 1745 546 1756 541 1760 534 1756 513 1745 512 1745 473 1745 472 1745 470 1745 469 1745 469 1746 467 1746 465 1747 466 1790"/></Shape>
	    <String CONTENT="It is repeated, of course, by the"
                    HPOS="465"
                    VPOS="1743"
                    WIDTH="985"
                    HEIGHT="64"
                    WC="0.9936240387685371"></String>
          </TextLine>
          <TextLine ID="line_18"
                    TAGREFS="LT8"
                    BASELINE="412 1868 1184 1868" 
                    HPOS="412"
                    VPOS="1824"
                    WIDTH="772"
                    HEIGHT="54">
            <Shape><Polygon POINTS="412 1868 412 1878 1184 1878 1184 1868 1184 1840 1135 1838 1107 1824 1106 1824 1105 1824 1012 1837 995 1838 991 1836 978 1824 977 1824 975 1824 974 1824 927 1836 910 1840 886 1840 881 1834 871 1826 871 1824 870 1824 869 1824 867 1824 866 1824 842 1834 829 1840 775 1840 768 1833 760 1826 760 1824 759 1824 758 1824 756 1824 755 1824 753 1824 753 1826 745 1831 742 1836 712 1836 699 1831 682 1824 681 1824 679 1824 678 1824 677 1824 677 1826 671 1831 662 1838 625 1831 624 1831 622 1831 613 1837 605 1830 600 1826 600 1824 598 1824 597 1824 541 1824 540 1824 539 1824 537 1824 537 1826 533 1828 526 1837 502 1837 412 1827 412 1868"/></Shape>
	    <String CONTENT="breadths, but not otherwise."
                    HPOS="412"
                    VPOS="1824"
                    WIDTH="772"
                    HEIGHT="54"
                    WC="0.9989882792745318"></String>
          </TextLine>
          <TextLine ID="line_19"
                    TAGREFS="LT8"
                    BASELINE="472 1949 1453 1949" 
                    HPOS="472"
                    VPOS="1905"
                    WIDTH="981"
                    HEIGHT="56">
            <Shape><Polygon POINTS="472 1949 472 1958 1452 1961 1453 1949 1453 1917 1429 1905 1428 1905 1378 1905 1376 1905 1375 1905 1373 1905 1359 1917 1359 1918 1282 1918 1281 1917 1268 1905 1267 1905 1265 1905 1264 1905 1263 1905 1235 1915 1233 1917 1231 1915 1217 1905 1216 1905 1214 1905 1213 1905 1211 1905 1179 1915 1171 1918 834 1918 810 1911 787 1905 786 1905 785 1905 783 1905 773 1911 763 1917 755 1911 749 1905 748 1905 746 1905 745 1905 723 1910 698 1917 689 1910 685 1907 685 1905 684 1905 682 1905 658 1905 657 1905 655 1905 642 1910 620 1917 611 1910 607 1905 605 1905 604 1905 581 1905 580 1905 578 1905 571 1908 556 1918 523 1918 513 1908 510 1907 510 1905 509 1905 507 1905 506 1905 472 1907 472 1949"/></Shape>
	    <String CONTENT="Looked at in one way, each breadth"
                    HPOS="472"
                    VPOS="1905"
                    WIDTH="981"
                    HEIGHT="56"
                    WC="0.9935388845555922"></String>
          </TextLine>
        </TextBlock>
        <TextBlock HPOS="899"
                   VPOS="1983"
                   WIDTH="72"
                   HEIGHT="52"
                   ID="eSc_textblock_d8bf110f"
                   TAGREFS="BT15">
          <Shape><Polygon POINTS="899 1983 899 2035 971 2033 971 1983"/></Shape>
          <TextLine ID="line_20"
                    TAGREFS="LT8"
                    BASELINE="904 2016 965 2019" 
                    HPOS="903"
                    VPOS="1985"
                    WIDTH="62"
                    HEIGHT="45">
            <Shape><Polygon POINTS="904 2016 903 2028 962 2030 965 2019 965 1988 904 1985 904 2016"/></Shape>
	    <String CONTENT="22"
                    HPOS="903"
                    VPOS="1985"
                    WIDTH="62"
                    HEIGHT="45"
                    WC="0.9993700683116913"></String>
          </TextLine>
        </TextBlock>
      </PrintSpace>
    </Page>
  </Layout>
</alto>
