1785 2560
334 374 1001 64 THE YELLOW WALL PAPER

368 496 981 61 There were greenhouses, too, but

308 574 701 63 they are all broken now.

366 652 979 63 There was some legal trouble, I

305 732 1041 63 believe, something about the heirs

307 814 1039 63 and co-heirs; anyhow, the place has

308 896 610 64 been empty for years.

364 971 985 65 That spoils my ghostliness, I am

307 1053 1039 62 afraid; but I don’t care — there is

305 1134 1036 63 something strange about the house —

310 1213 364 62 I can feel it.

362 1294 986 61 I even said so to John one moon¬

307 1371 1044 66 light evening, but he said what I felt

311 1453 1037 63 was a draught, and shut the window.

364 1533 984 69 I get unreasonably angry with John

305 1612 1041 60 sometimes. l'm sure I never used to

310 1691 1036 64 be so sensitive. I think it is due to

308 1774 629 60 this nervous condition.

366 1848 985 67 But John says if I feel so I shall

310 1932 1036 69 neglect proper self-control; so I take

800 2005 66 62 5
