2550 3300
467 305 1717 63 Oh, Mina dear, I cant help crying, and you must excuse this letter being all

363 365 1821 64 blotted. Being proposed to is all very nice and all that sort of thing, but it isn't

365 423 1816 74 at all a happy thing when you have to see a poor fellow, whom you know loves

368 500 1813 66 you honestly, going away and looking all broken hearted, and to know that, no

365 558 1810 69 matter what he may say at the moment, you are passing out of his life. My dear,

374 621 1570 72 I must stop here at present, I feel so miserable, though l am so happy.

467 761 215 50 Evening.

470 874 1716 63 Arthur has just gone, and I feel in better spirits than when I left off, so l

368 940 823 61 can go on telling you about the day.

470 1058 1714 66 Well, my dear, number Two came after lunch. He is such a nice fellow, an

368 1127 1816 63 American from Texas, and he looks so young and so fresh that it seems almost

368 1182 1813 69 impossible that he has been to so many places and has such adventures. I

368 1254 1816 63 sympathize with poor Desdemona when she had such a stream poured in her

365 1320 1816 63 ear, even by a black man. I suppose that we women are such cowards that we

365 1377 1816 66 think a man will save us from fears, and we marry him. I know now what I

371 1452 1813 60 would do if I were a man and wanted to make a girl love me. No, I don't, for

365 1515 1819 63 there was Mr. Morris telling us his stories, and Arthur never told any, and

363 1584 145 60 yet...

467 1696 1714 64 My dear, I am somewhat previous. Mr. Quincy P. Morris found me alone.

363 1765 1818 63 It seems that a man always does find a girl alone. No, he doesn't, for Arthur

368 1831 1813 63 tried twice to make a chance, and I helping him all I could, I am not ashamed to

371 1897 1810 61 say it now. I must tell you beforehand that Mr. Morris doesn't always speak

371 1963 1810 61 slang, that is to say, he never does so to strangers or before them, for he is

368 2024 1813 63 really well educated and has exquisite manners, but he found out that it amused

365 2090 1816 63 me to hear him talk American slang, and whenever I was present, and there was

368 2156 1816 60 no one to be shocked, he said such funny things. I am afraid, my dear, he has to

365 2216 1813 66 invent it all, for it fits exactly into whatever else he has to say. But this is a way

371 2277 1813 68 slang has. I do not know myself if I shall ever speak slang. I do not know if

365 2345 1285 64 Arthur likes it, as I have never heard him use any as yet.

470 2464 1711 68 Well, Mr. Morris sat down beside me and looked as happy and jolly as he

365 2538 1819 60 could, but I could see all the same that he was very nervous. He took my hand

365 2601 768 63 in his, and said ever so sweetly...

486 2711 1698 77 "Miss Lucy, I know l ain't good enough to regulate the fixin's of your little

368 2785 1816 66 shoes, but I guess if you wait till you find a man that is you will go join them

371 2849 1807 68 seven young women with the lamps when you quit. Won't you just hitch up
