2550 3300
360 302 1824 63 deal with me. Little girl, your honesty and pluck have made me a friend, and

363 365 1821 66 that's rarer than a lover, it’s more selfish anyhow. My dear, I'm going to have a

365 431 1816 72 pretty lonely walk between this and Kingdom Come. Won't you give me one

368 492 1813 69 kiss? It'Il be something to keep off the darkness now and then. You can, you

368 558 1816 69 know, if you like, for that other good fellow, or you could not love him, hasn't

371 632 278 58 spoken yet."

473 739 1716 77 That quite won me, Mina, for it was brave and sweet of him, and noble too,

368 816 1502 61 to a rival, wasn't it? And he so sad, so I leant over and kissed him.

470 929 1722 72 He stood up with my two hands in his, and as he looked down into my face,

368 995 1813 69 I am afraid I was blushing very much, he said, "Little girl, I hold your hand,

368 1053 1813 77 and youve kissed me, and if these things dont make us friends nothing ever

371 1122 1378 74 will. Thank you for your sweet honesty to me, and goodbye."

467 1245 1714 69 He wrung my hand, and taking up his hat, went straight out of the room

368 1317 1813 66 without looking back, without a tear or a quiver or a pause, and I am crying like

365 1388 182 61 a baby.

464 1504 1717 63 Oh, why must a man like that be made unhappy when there are lots of girls

363 1567 1818 63 about who would worship the very ground he trod on? I know I would if I were

365 1625 1816 71 free, only I don't want to be free. My dear, this quite upset me, and I feel I

363 1699 1818 66 cannot write of happiness just at once, after telling you of it, and I don't wish to

365 1754 1571 72 tell of the number Three until it can be all happy. Ever your loving...

470 1881 132 74 Lucy

467 2136 1714 58 P.S.--Oh, about number Three, I needn't tell you of number Three, need I?

365 2197 1816 66 Besides, it was all so confused. It seemed only a moment from his coming into

365 2260 1808 69 the room till both his arms were round me, and he was kissing me. I am very,

371 2329 1810 63 very happy, and I dont know what I have done to deserve it. I must only try in

365 2395 1816 63 the future to show that l am not ungrateful to God for all His goodness to me in

371 2461 1419 63 sending to me such a lover, such a husband, and such a friend.

467 2585 239 60 Goodbye.

467 2829 1095 61 DR. SEWARD'S DIARY (Kept in phonograph)
