2550 3300
470 299 415 69 My dearest Mina,

467 420 1714 66 Thanks, and thanks, and thanks again for your sweet letter. It was so nice

363 495 1116 57 to be able to tell you and to have your sympathy.

470 607 1714 69 My dear, it never rains but it pours. How true the old proverbs are. Here

363 676 1815 63 am I, who shall be twenty in September, and yet I never had a proposal till

368 745 1816 63 today, not a real proposal, and today I had three. Just fancy! Three proposals in

365 805 1819 66 one day! Isn't it awful! I feel sorry, really and truly sorry, for two of the poor

368 874 1813 61 fellows. Oh, Mina, I am so happy that I dont know what to do with myself.

365 924 1813 77 And three proposals! But, for goodness' sake, don't tell any of the girls, or they

368 1001 1813 63 would be getting all sorts of extravagant ideas, and imagining themselves

368 1064 1824 66 injured and slighted if in their very first day at home they did not get six at least.

368 1133 1810 63 Some girls are so vain! You and I, Mina dear, who are engaged and are going

368 1190 1810 69 to settle down soon soberly into old married women, can despise vanity. Well, I

368 1262 1813 63 must tell you about the three, but you must keep it a secret, dear, from every

365 1311 1816 77 one except, of course, Jonathan. You will tell him, because I would, if I were in

371 1391 1815 69 your place, certainly tell Arthur. A woman ought to tell her husband everything.

365 1443 1816 72 Don't vou think so, dear? And I must be fair. Men like women, certainly their

368 1518 1810 66 wives, to be quite as fair as they are. And women, I am afraid, are not always

368 1586 696 61 quite as fair as they should be.

470 1707 1708 61 Well, my dear, number One came just before lunch. I told you of him, Dr.

363 1765 1815 69 John Seward, the lunatic asylum man, with the strong jaw and the good

368 1837 1813 63 forehead. He was very cool outwardly, but was nervous all the same. He had

365 1900 1816 66 evidently been schooling himself as to all sorts of little things, and remembered

365 1969 1819 60 them, but he almost managed to sit down on his silk hat, which men don't

368 2029 1816 72 generally do when they are cool, and then when he wanted to appear at ease he

368 2090 1816 68 kept playing with a lancet in a way that made me nearly scream. He spoke to

365 2158 1816 64 me, Mina, very straightforwardly, He told me how dear I was to him, though he

365 2224 1816 61 had known me so little, and what his life would be with me to help and cheer

368 2285 1816 66 him. He was going to tell me how unhappy he would be if I did not care for

368 2356 1810 61 him, but when he saw me cry he said he was a brute and would not add to my

365 2406 1816 82 present trouble. Then he broke off and asked if I could love him in time, and

368 2469 1813 77 when I shook my head his hands trembled, and then with some hesitation he

368 2549 1816 60 asked me if I cared already for any one else. He put it very nicely, saying that

365 2607 1819 68 he did not want to wring my confidence from me, but only to know, because if

363 2675 1821 66 a woman's heart was free a man might have hope. And then, Mina, I felt a sort

368 2744 1813 61 of duty to tell him that there was some one. I only told him that much, and then

368 2799 1810 72 he stood up, and he looked very strong and very grave as he took both my

365 2868 1816 69 hands in his and said he hoped I would be happy, and that If I ever wanted a

368 2923 908 77 friend I must count him one of my best.
