1785 2560
453 384 1009 61 THE YELLOW WALL PAPER

428 506 1044 57 thinks it is the writing which made me

429 577 155 64 sick!

486 662 986 63 But I can write when she is out,

426 743 1044 63 and see her a long way off from these

433 822 263 59 windows.

489 900 981 62 There is one that commands the

426 978 1046 68 road, a lovely, shaded, winding road,

428 1062 1041 61 and one that just looks off over the

428 1144 1045 63 country. A lovely country, too, full

432 1224 981 60 of great elms and velvet meadows.

492 1299 975 67 This wall paper has a kind of sub¬

428 1382 1044 68 pattern in a different shade, a particu¬

426 1462 1043 65 larly irritating one, for you can only

426 1541 1041 64 see it in certain lights, and not clearly

428 1622 150 60 then.

482 1700 990 63 But in the places where it isn’t

425 1782 1044 61 faded, and where the sun is just so,

426 1863 1043 64 I can see a strange, provoking, form¬

426 1941 1044 57 less sort of figure, that seems to sulk

921 2006 54 64 18
