1785 2560
344 396 1002 64 THE YELLOW WALL PAPER

320 523 1038 57 as any one need wish, and, of course,

322 597 1037 61 I would not be so silly as to make him

321 675 860 63 uncomfortable just for a whim.

378 756 981 67 l’m really getting quite fond of the

321 836 996 64 big room, all but that horrid paper.

374 918 985 61 Out of one window I can see the

320 998 1041 64 garden, those mysterious deep-shaded

317 1076 1041 63 arbors, the riotous old-fashioned flow¬

320 1160 921 61 ers, and bushes and gnarly trees.

371 1235 983 66 Out of another I get a lovely view

315 1315 1034 65 of the bay and a little private wharf

317 1398 1041 64 belonging to the estate. There is a

317 1477 1042 56 beautiful shaded lane that runs down

317 1558 1037 61 there from the house. I always fancy

318 1638 1040 67 I see people walking in these numer¬

317 1718 1042 65 ous paths and arbors, but John has

314 1800 1041 61 cautioned me not to give way to fancy

318 1880 1037 61 in the least. He says that with my

320 1958 1034 67 imaginative power and habit of story¬

815 2037 58 55 13
