1785 2560
477 368 1003 72 THE YELLOW WALL PAPER

513 489 979 59 WE have been here two weeks, and

452 564 1040 66 I haven’t felt like writing before, since

453 648 366 63 that first day.

507 728 982 67 I am sitting by the window now, up

452 810 1040 60 in this atrocious nursery, and there is

452 888 1041 64 nothing to hinder my writing as much

455 968 881 63 as I please, save lack of strength.

512 1046 981 66 John is away all day, and even some

456 1130 902 58 nights when his cases are serious.

512 1208 891 63 I am glad my case is not serious!

510 1289 983 53 But these nervous troubles are dread¬

456 1368 438 67 fully depressing.

513 1446 981 64 John does not know how much I

453 1526 1041 62 really suffer. He knows there is no

455 1607 1018 54 reason to suffer, and that satisfies him.

510 1688 989 61 Of course it is only nervousness. It

455 1769 1035 59 does weigh on me so not to do my

456 1848 494 67 duty in any way!

519 1925 977 67 I meant to be such a help to John,

948 2011 66 41 10
