1785 2560
430.0 347.0 1005.0 69.0 THE YELLOW WALL PAPER

469.0 463.0 976.0 67.0 WELL, the Fourth of July is over!

412.0 547.0 1035.0 61.0 The people are all gone and I am

406.0 624.0 1039.0 67.0 tired out. John thought it might do

408.0 711.0 1035.0 58.0 me good to see a little company, so

412.0 785.0 1035.0 64.0 we just had mother and Nellie and

408.0 866.0 856.0 61.0 the children down for a week.

463.0 944.0 974.0 64.0 Of course I didn't do a thing.

415.0 1028.0 848.0 62.0 Jennie sees to everything now.

466.0 1105.0 816.0 61.0 But it tired me all the same.

470.0 1184.0 979.0 67.0 John says if I don’t pick up faster

408.0 1261.0 1042.0 70.0 he shall send me to Weir Mitchell.

411.0 1344.0 304.0 62.0 in the fall.

467.0 1425.0 982.0 64.0 But I don’t want to go there at all.

411.0 1504.0 1036.0 64.0 Ihad a friend who was in his hands

409.0 1587.0 1040.0 69.0 once, and she says he is just like John

411.0 1669.0 870.0 60.0 and my brother, only more so!

472.0 1747.0 971.0 63.0 Besides, it is such an undertaking

416.0 1833.0 354.0 61.0 to go so far.

476.0 1905.0 976.0 57.0 Idon’t feel as if it was worth

903.0 1991.0 64.0 44.0 20
