1785 2560
439.0 354.0 1007.0 71.0 THE YELLOW WALL PAPER

415.0 476.0 1042.0 60.0 making a nervous weakness like mine

413.0 553.0 1044.0 61.0 is sure to lead to all manner of excited

412.0 634.0 1038.0 61.0 fancies, and that T ought to use my

415.0 712.0 1038.0 64.0 will and good sense to check the ten¬

413.0 792.0 471.0 67.0 dency. So I try.

470.0 870.0 983.0 57.0 Ithink sometimes that if I were

413.0 954.0 1044.0 62.0 only well enough to write a little it

418.0 1032.0 1038.0 64.0 would relieve the press of ideas and

415.0 1119.0 236.0 54.0 rest me.

470.0 1190.0 985.0 68.0 But I find I get pretty tired when I

421.0 1278.0 98.0 64.0 try.

467.0 1355.0 983.0 62.0 It is so discouraging not to have any

413.0 1435.0 1039.0 62.0 advice and companionship about my

418.0 1511.0 1037.0 66.0 work. When I get really well John

412.0 1592.0 1044.0 66.0 says we will ask Cousin Henry and

412.0 1756.0 1040.0 60.0 says he would as soon put fire-works

412.0 1836.0 1040.0 62.0 in my pillow-case as to let me have

415.0 1917.0 1000.0 62.0 those stimulating people about now.

914.0 1991.0 46.0 62.0 14
