1785 2560
469.0 365.0 1004.0 73.0 THE YELLOW WALL PAPER

502.0 486.0 749.0 64.0 Now he’s crying for an axe.

499.0 564.0 984.0 61.0 It would be a shame to break down

445.0 644.0 550.0 64.0 that beautiful door !

540.0 722.0 947.0 71.0 John, dear!" said I in the gentlest

445.0 806.0 1041.0 64.0 voice, “the ey is down by the front

445.0 887.0 782.0 65.0 steps, under a plantain leaf !

507.0 967.0 977.0 62.0 That silenced him for a few mo¬

448.0 1055.0 184.0 48.0 ments.

502.0 1124.0 982.0 66.0 Then he said— very quietly indeed,

476.0 1207.0 708.0 65.0 Open the door, my darling

531.0 1284.0 951.0 65.0 Ican't,” said I. “The key is down

446.0 1368.0 1038.0 64.0 by the front door, under a plantain

449.0 1443.0 132.0 60.0 leaf!

500.0 1526.0 983.0 64.0 And then I said it again, several

445.0 1609.0 1041.0 66.0 times, very gently and slowly, and said

443.0 1688.0 1040.0 58.0 it so often that he had to go and see,

445.0 1769.0 1039.0 62.0 and he got it, of course, and came in.

448.0 1847.0 851.0 65.0 He stopped short by the door.

544.0 1924.0 943.0 65.0 What is the matter?" he cried.
