1785 2560
317.0 384.0 1002.0 71.0 THE YELLOW WALL PAPER

376.0 507.0 953.0 59.0 *1don’t weigh a bit more,” said I,

318.0 587.0 1010.0 62.0 nor as much; and my appetite may

291.0 665.0 1041.0 61.0 be better in the evening, when you

291.0 745.0 1041.0 61.0 are here, but it is worse in the morn¬

295.0 827.0 703.0 61.0 ing, when you are away.

384.0 898.0 947.0 66.0 Bless her little heart !" said he

294.0 984.0 1040.0 64.0 with a big hug; *she shall be as sick as

291.0 1066.0 1044.0 60.0 she pleases. But now let’s improve

291.0 1146.0 1040.0 65.0 the shining hours by going to sleep,

292.0 1227.0 938.0 55.0 and talk about it in the morning.

381.0 1305.0 958.0 64.0 And you won’t go away?” 1 asked

298.0 1383.0 256.0 70.0 gloomily.

395.0 1462.0 940.0 65.0 Why, how can I, dear? It is only

295.0 1545.0 1043.0 60.0 thrée weeks more and then we will

297.0 1624.0 1041.0 62.0 take a nice little trip of a few days

302.0 1706.0 1039.0 63.0 while Jennie is getting the house

298.0 1784.0 1000.0 66.0 ready. Really, dear, you are better!

395.0 1867.0 944.0 62.0 Better in body, perhaps "— I be¬

305.0 1947.0 1033.0 68.0 gan, and stopped short, for he sat up
