1785 2560
469.0 381.0 1003.0 68.0 THE YELLOW WALL PAPER

500.0 500.0 536.0 63.0 That is, sometimes!

503.0 578.0 977.0 64.0 There is one marked peculiarity

440.0 662.0 1044.0 64.0 about this paper, a thing nobody seems

443.0 742.0 1044.0 62.0 to notice but myself, and that is that

442.0 822.0 885.0 64.0 it changes as the light changes.

506.0 898.0 978.0 66.0 When the sun shoots in through the

442.0 981.0 1045.0 62.0 east window-–I always watch for that

442.0 1060.0 1041.0 66.0 first long, straight ray—– it changes so

445.0 1142.0 1041.0 64.0 quickly that I never can quite believe it.

506.0 1220.0 816.0 64.0 That is why I watch it always.

503.0 1299.0 979.0 66.0 By moonlight— the moon shines in

442.0 1378.0 1041.0 64.0 all night when there is a moon– I

448.0 1462.0 1036.0 61.0 wouldn’t know it was the same paper.

473.0 1537.0 1010.0 67.0 At night in any kind of light, in

442.0 1617.0 1044.0 71.0 twilight, candlelight, lamplight, and

446.0 1700.0 1038.0 63.0 worst of all by moonlight, it becomes

445.0 1782.0 1041.0 62.0 bars! The outside pattern, I mean,

442.0 1860.0 1042.0 65.0 and the woman behind it is as plain

443.0 1947.0 292.0 56.0 as can be.

945.0 2020.0 15.0 66.0 3
