1785 2560
318.0 399.0 1009.0 71.0 THE YELLOW WALL PAPER

349.0 530.0 983.0 53.0 1always lock the door when I creep

292.0 597.0 1044.0 70.0 by daylight. I can’t do it at night,

291.0 679.0 1043.0 66.0 for I know John would suspect some¬

295.0 763.0 396.0 61.0 thing at once.

348.0 839.0 987.0 65.0 And John is so queer, now, that I

290.0 918.0 1042.0 56.0 don't want to irritate him. I wish he

295.0 999.0 1040.0 56.0 would take another room ! Besides, I

290.0 1082.0 1045.0 62.0 don’t want anybody to get that woman

291.0 1160.0 629.0 65.0 out at night but myself.

349.0 1240.0 987.0 62.0 I often wonder if I could see her out

291.0 1321.0 725.0 59.0 of all the windows at once.

347.0 1399.0 981.0 65.0 But, turn as fast as I can, I can only

292.0 1483.0 767.0 60.0 see out of one at one time.

351.0 1561.0 983.0 63.0 And though I always see her she

290.0 1639.0 1039.0 64.0 may be able to creep faster than I

291.0 1722.0 272.0 58.0 can turn!

345.0 1806.0 979.0 55.0 1 have watched her sometimes away

287.0 1880.0 1045.0 67.0 off in the open country, creeping as fast

290.0 1956.0 907.0 69.0 as a cloud shadow in a high wind.

782.0 2038.0 51.0 64.0 45
