1785 2560
456.0 381.0 1007.0 61.0 THE YELLOW WALL PAPER

480.0 499.0 989.0 62.0 LIFE is very much more exciting now

428.0 578.0 1042.0 62.0 than it used to be. You see I have

425.0 659.0 1044.0 62.0 something more to expect, to look for¬

432.0 738.0 1041.0 62.0 ward to, to watch. I really do eat

430.0 819.0 992.0 61.0 better, and am more quiet than I was.

485.0 897.0 984.0 67.0 John is so pleased to see me improve!

428.0 975.0 1041.0 66.0 He laughed a little the other day, and

425.0 1056.0 1041.0 66.0 said I seemed to be flourishing in spite

425.0 1139.0 479.0 67.0 of my wall paper.

486.0 1217.0 983.0 64.0 I turned it off with a laugh. I had

423.0 1297.0 1041.0 62.0 no intention of telling him it was be¬

423.0 1379.0 1046.0 60.0 cause of the wall paper– he would

423.0 1457.0 1047.0 63.0 make fun of me. He might even want

425.0 1543.0 463.0 57.0 to take me away.

483.0 1618.0 983.0 60.0 Idon’t want to leave now until I

423.0 1695.0 1044.0 64.0 have found it out. There is a week

426.0 1776.0 1009.0 64.0 more, and I think that will be enough.
