1785 2560
450 354 1003 65 THE YELLOW WALL PAPER

426 473 1046 66 scoffs openly at any talk of things not

428 554 1041 63 to be felt and seen and put down in

429 637 206 64 figures.

483 711 983 71 John is a physician, and perhaps —

439 792 1034 69 (I would not say it to a living soul, of

426 877 1041 61 course, but this is dead paper and a

429 955 1040 69 great relief to my, mind) — perhaps

426 1038 1044 61 that is one reason I do not get well

430 1119 174 54 faster.

492 1196 978 62 You see, he does not believe I am

428 1271 149 58 sick!

486 1355 616 61 And what can one do?

485 1433 984 67 If a physician of high standing, and

426 1516 1044 54 one’s own husband, assures friends and

425 1598 1039 61 relatives that there is really nothing

426 1681 1040 59 the matter with one but temporary

426 1759 1044 67 nervous depression, — a slight hysteri¬

428 1840 1000 62 cal tendency, — what is one to do?

492 1920 980 66 My brother is also a physician, and

939 2005 32 40 2
