1785 2560
338.0 374.0 1006.0 71.0 THE YELLOW WALL PAPER

315.0 493.0 1043.0 63.0 take care of myself for his sake, and

315.0 571.0 299.0 64.0 keep well.

375.0 654.0 980.0 62.0 He says no one but myself can help

315.0 735.0 1043.0 61.0 me out of it, that I must use my will

312.0 812.0 1039.0 64.0 and self-control and not let my silly

314.0 894.0 748.0 60.0 fancies run away with me.

375.0 974.0 979.0 62.0 There’s one comfort, the baby is

315.0 1053.0 1040.0 64.0 well and happy, and does not have to

314.0 1133.0 1045.0 64.0 occupy this nursery with the horrid

320.0 1217.0 318.0 63.0 wall paper.

371.0 1294.0 984.0 61.0 If we had not used it that blessed

312.0 1372.0 1040.0 63.0 child would have! What a fortunate

311.0 1452.0 1041.0 65.0 escape! Why, I wouldn’t have a

311.0 1533.0 1040.0 62.0 child of mine, an impressionable little

314.0 1615.0 1040.0 61.0 thing, live in such a room for worlds.

369.0 1692.0 980.0 64.0 I never thought of it before, but it is

311.0 1773.0 1041.0 67.0 lucky that John kept me here, after all.

314.0 1857.0 1038.0 53.0 I can stand it so much easier than a

315.0 1938.0 384.0 64.0 baby, you see.

790 2005 87 64 27
