<?xml version="1.0" encoding="UTF-8"?>
<alto xmlns:xsi="http://www.w3.org/2001/XMLSchema-instance"
      xmlns="http://www.loc.gov/standards/alto/ns-v4#"
      xsi:schemaLocation="http://www.loc.gov/standards/alto/ns-v4# http://www.loc.gov/standards/alto/v4/alto-4-2.xsd">
  <Description>
    <MeasurementUnit>pixel</MeasurementUnit>
    <sourceImageInformation>
      <fileName>page_00038.png</fileName>
    </sourceImageInformation>
  </Description>
  <Tags>
    <OtherTag ID="BT7" LABEL="CustomZone" DESCRIPTION="block type CustomZone"/><OtherTag ID="BT8" LABEL="DamageZone" DESCRIPTION="block type DamageZone"/><OtherTag ID="BT9" LABEL="DigitizationArtefactZone" DESCRIPTION="block type DigitizationArtefactZone"/><OtherTag ID="BT10" LABEL="DropCapitalZone" DESCRIPTION="block type DropCapitalZone"/><OtherTag ID="BT11" LABEL="GraphicZone" DESCRIPTION="block type GraphicZone"/><OtherTag ID="BT12" LABEL="MainZone" DESCRIPTION="block type MainZone"/><OtherTag ID="BT13" LABEL="MarginTextZone" DESCRIPTION="block type MarginTextZone"/><OtherTag ID="BT14" LABEL="MusicZone" DESCRIPTION="block type MusicZone"/><OtherTag ID="BT15" LABEL="NumberingZone" DESCRIPTION="block type NumberingZone"/><OtherTag ID="BT17" LABEL="QuireMarksZone" DESCRIPTION="block type QuireMarksZone"/><OtherTag ID="BT18" LABEL="RunningTitleZone" DESCRIPTION="block type RunningTitleZone"/><OtherTag ID="BT19" LABEL="SealZone" DESCRIPTION="block type SealZone"/><OtherTag ID="BT20" LABEL="StampZone" DESCRIPTION="block type StampZone"/><OtherTag ID="BT21" LABEL="TableZone" DESCRIPTION="block type TableZone"/><OtherTag ID="BT22" LABEL="TitlePageZone" DESCRIPTION="block type TitlePageZone"/>
    <OtherTag ID="LT7" LABEL="CustomLine" DESCRIPTION="line type CustomLine"/><OtherTag ID="LT8" LABEL="DefaultLine" DESCRIPTION="line type DefaultLine"/><OtherTag ID="LT9" LABEL="DropCapitalLine" DESCRIPTION="line type DropCapitalLine"/><OtherTag ID="LT10" LABEL="HeadingLine" DESCRIPTION="line type HeadingLine"/><OtherTag ID="LT11" LABEL="InterlinearLine" DESCRIPTION="line type InterlinearLine"/><OtherTag ID="LT12" LABEL="MusicLine" DESCRIPTION="line type MusicLine"/><OtherTag ID="LT52" LABEL="default" DESCRIPTION="line type default"/>
  </Tags>
  <Layout>
    <Page WIDTH="1785"
          HEIGHT="2560"
          PHYSICAL_IMG_NR="36"
          ID="eSc_dummypage_">
      <PrintSpace HPOS="0"
                  VPOS="0"
                  WIDTH="1785"
                  HEIGHT="2560">
        <TextBlock HPOS="420"
                   VPOS="479"
                   WIDTH="1083"
                   HEIGHT="1128"
                   ID="block_0"
                   TAGREFS="BT12">
          <Shape><Polygon POINTS="1503 479 1503 1607 420 1607 441 483"/></Shape>
          <TextLine ID="line_0"
                    TAGREFS="LT52"
                    BASELINE="467 426 1476 426" 
                    HPOS="467.0"
                    VPOS="372.0"
                    WIDTH="1009.0"
                    HEIGHT="63.0">
            <Shape><Polygon POINTS="467 426 467 435 1476 435 1476 426 1476 382 1334 374 1332 374 1331 374 1329 374 1319 381 1309 372 1308 372 1307 372 1305 372 1304 372 1302 372 1291 381 1268 374 1267 374 1265 374 1264 374 1237 381 1234 381 1231 381 1177 374 1176 374 1174 374 1150 381 1149 381 1147 381 1132 374 1130 374 1129 374 1127 374 1105 381 1103 381 1102 381 1086 374 1085 374 1083 374 1082 374 1080 374 1071 381 1069 381 1059 374 1058 374 1056 374 992 374 991 374 989 374 988 374 981 381 979 381 977 381 945 374 944 374 860 379 839 381 816 379 731 374 729 374 467 378 467 426"/></Shape>
	    <String CONTENT="THE YELLOW WALL PAPER"
                    HPOS="467.0"
                    VPOS="372.0"
                    WIDTH="1009.0"
                    HEIGHT="63.0"
                    WC="0.9994796855109078"></String>
          </TextLine>
          <TextLine ID="line_1"
                    TAGREFS="LT52"
                    BASELINE="496 536 1483 531" 
                    HPOS="494.0"
                    VPOS="490.0"
                    WIDTH="989.0"
                    HEIGHT="60.0">
            <Shape><Polygon POINTS="1383 490 1382 490 1381 490 1379 490 1341 503 1301 503 1288 492 1287 492 1285 492 1284 492 1282 492 1258 502 1223 490 1221 490 1220 490 1218 490 1217 490 1203 502 1120 492 1119 492 1068 504 824 504 813 494 813 493 812 493 810 493 779 493 778 493 776 493 775 493 760 504 640 497 638 497 637 497 621 504 588 493 587 493 514 493 513 493 512 493 510 493 494 503 496 536 496 544 1150 550 1152 550 1203 543 1473 548 1474 548 1476 548 1477 548 1477 547 1483 541 1483 531 1480 503 1398 503 1385 492 1385 490 1383 490"/></Shape>
	    <String CONTENT="Of course I never mention it to them"
                    HPOS="494.0"
                    VPOS="490.0"
                    WIDTH="989.0"
                    HEIGHT="60.0"
                    WC="0.9980399459600449"></String>
          </TextLine>
          <TextLine ID="line_2"
                    TAGREFS="LT52"
                    BASELINE="442 615 1482 612" 
                    HPOS="440.0"
                    VPOS="571.0"
                    WIDTH="1042.0"
                    HEIGHT="63.0">
            <Shape><Polygon POINTS="442 615 442 622 496 632 497 634 531 634 531 632 533 632 534 632 534 631 544 624 546 622 554 624 621 631 622 631 682 624 699 632 701 632 702 634 731 634 731 632 732 632 733 632 733 631 743 624 745 622 807 622 809 624 819 631 819 632 820 632 822 632 823 632 824 632 847 624 851 622 856 624 888 632 890 632 891 632 958 631 960 631 961 631 961 630 968 624 971 621 981 624 1006 631 1008 631 1009 631 1042 624 1043 624 1045 624 1062 630 1063 630 1065 630 1066 630 1068 630 1075 624 1080 621 1122 624 1216 631 1217 632 1245 632 1245 631 1247 631 1248 631 1248 630 1255 624 1260 621 1322 621 1329 624 1342 631 1344 631 1345 632 1409 632 1409 631 1410 631 1412 631 1419 624 1423 621 1433 624 1455 631 1456 631 1457 631 1459 631 1482 624 1482 612 1477 571 1446 573 1445 573 1443 573 1428 587 1408 573 1406 573 1405 573 1403 573 1402 573 1375 581 1332 573 1325 573 1324 573 1322 573 1321 573 1321 574 1302 588 1231 588 1217 577 1216 577 1214 577 1213 577 1211 577 1199 583 1170 577 1153 573 1152 573 1129 577 1080 587 1069 578 1068 577 1066 577 1065 577 1063 577 1062 577 1058 578 1043 584 1026 578 1005 573 1004 573 1002 573 1001 573 999 573 992 580 982 587 914 581 893 580 891 580 890 580 884 581 869 588 861 583 853 574 851 574 850 574 813 574 812 574 810 574 809 574 799 583 792 590 714 590 704 585 682 577 681 577 679 577 584 580 583 580 581 580 573 587 573 588 568 587 537 578 536 578 459 578 457 578 456 578 455 578 440 585 442 615"/></Shape>
	    <String CONTENT="any more, — I am too wise, — but I"
                    HPOS="440.0"
                    VPOS="571.0"
                    WIDTH="1042.0"
                    HEIGHT="63.0"
                    WC="0.9905808585531571"></String>
          </TextLine>
          <TextLine ID="line_3"
                    TAGREFS="LT52"
                    BASELINE="443 696 1295 694" 
                    HPOS="442.0"
                    VPOS="651.0"
                    WIDTH="853.0"
                    HEIGHT="61.0">
            <Shape><Polygon POINTS="443 696 443 704 561 712 563 712 564 712 566 712 566 711 574 704 642 704 647 704 712 712 714 712 762 704 898 711 900 711 901 711 903 711 903 709 911 702 934 709 935 709 937 709 1019 702 1024 702 1026 702 1096 711 1098 711 1099 711 1100 711 1110 702 1137 709 1139 709 1140 711 1278 711 1278 709 1280 709 1295 701 1295 694 1294 668 1258 658 1257 658 1255 658 1254 658 1240 665 1176 658 1174 658 1089 665 1079 665 1078 665 1065 652 1065 651 1063 651 1062 651 1034 651 1032 651 1031 651 1029 651 1029 652 1016 664 1015 665 1014 664 999 651 998 651 997 651 958 651 957 651 955 651 954 651 935 662 928 668 910 668 903 662 887 651 886 651 884 651 883 651 881 651 856 659 826 652 824 652 823 652 822 652 802 661 785 669 758 669 749 659 742 654 742 652 741 652 739 652 738 652 736 652 712 659 699 664 695 659 689 655 689 654 688 654 686 654 685 654 684 654 682 654 677 659 669 664 603 659 601 659 600 659 598 659 598 661 590 668 561 659 560 659 558 659 507 665 479 657 466 652 465 652 463 652 442 655 443 696"/></Shape>
	    <String CONTENT="keep watch of it all the same."
                    HPOS="442.0"
                    VPOS="651.0"
                    WIDTH="853.0"
                    HEIGHT="61.0"
                    WC="0.9830384870370229"></String>
          </TextLine>
          <TextLine ID="line_4"
                    TAGREFS="LT52"
                    BASELINE="503 777 1486 775" 
                    HPOS="502.0"
                    VPOS="731.0"
                    WIDTH="984.0"
                    HEIGHT="64.0">
            <Shape><Polygon POINTS="503 777 503 785 802 785 940 795 941 795 994 783 1285 793 1287 793 1346 783 1474 790 1476 790 1477 790 1479 790 1479 789 1486 782 1486 775 1484 743 1469 733 1467 733 1466 733 1464 733 1463 733 1429 743 1415 732 1415 731 1413 731 1412 731 1410 731 1409 731 1371 743 1371 745 1189 745 1186 742 1173 731 1171 731 1170 731 1169 731 1167 731 1135 742 1133 742 1130 742 1099 731 1098 731 1096 731 1095 731 1093 731 1078 740 1072 745 1045 745 1035 740 1002 731 1001 731 999 731 998 731 997 731 997 732 987 740 981 746 906 746 893 739 876 732 874 732 816 732 814 732 813 732 812 732 805 739 796 745 600 738 598 738 597 738 595 738 585 745 577 736 573 733 573 732 571 732 570 732 568 732 502 735 503 777"/></Shape>
	    <String CONTENT="There are things in that paper that"
                    HPOS="502.0"
                    VPOS="731.0"
                    WIDTH="984.0"
                    HEIGHT="64.0"
                    WC="0.9877655233655657"></String>
          </TextLine>
          <TextLine ID="line_5"
                    TAGREFS="LT52"
                    BASELINE="442 857 1457 853" 
                    HPOS="440.0"
                    VPOS="812.0"
                    WIDTH="1017.0"
                    HEIGHT="61.0">
            <Shape><Polygon POINTS="442 857 442 864 494 871 496 871 539 864 543 864 554 871 556 871 557 871 558 871 560 871 574 864 577 864 631 873 632 873 634 873 635 873 645 864 647 864 753 871 755 871 756 871 758 871 768 864 893 870 894 870 896 870 897 870 906 863 907 863 952 871 954 871 955 871 984 863 991 870 992 870 994 870 1083 871 1085 871 1086 871 1088 871 1098 863 1132 870 1133 870 1194 861 1196 861 1214 870 1216 870 1217 870 1218 870 1220 870 1230 863 1238 870 1240 870 1241 870 1243 870 1244 870 1245 870 1258 861 1301 870 1302 870 1304 870 1332 861 1342 870 1344 870 1345 870 1346 871 1440 871 1440 870 1442 870 1443 870 1457 860 1457 853 1456 824 1435 812 1433 812 1432 812 1379 812 1378 812 1376 812 1328 824 1129 817 1127 817 1126 817 1125 817 1112 826 1051 819 1049 819 1048 819 1046 819 1036 827 965 827 950 813 948 813 947 813 945 813 904 822 869 813 867 813 866 813 864 813 863 813 863 814 850 826 827 817 826 817 824 817 735 826 664 814 662 814 661 814 659 814 642 827 613 814 611 814 610 814 546 824 534 816 534 814 533 814 531 814 504 814 503 814 440 829 442 857"/></Shape>
	    <String CONTENT="nobody knows but me, or ever will."
                    HPOS="440.0"
                    VPOS="812.0"
                    WIDTH="1017.0"
                    HEIGHT="61.0"
                    WC="0.9980767369270325"></String>
          </TextLine>
          <TextLine ID="line_6"
                    TAGREFS="LT52"
                    BASELINE="500 937 1483 932" 
                    HPOS="499.0"
                    VPOS="888.0"
                    WIDTH="984.0"
                    HEIGHT="64.0">
            <Shape><Polygon POINTS="500 937 500 945 814 952 816 952 817 952 819 952 827 945 830 944 851 945 914 951 915 952 1016 952 1016 951 1018 951 1019 951 1025 945 1026 944 1028 945 1041 951 1042 951 1043 951 1482 944 1483 932 1480 903 1437 900 1426 890 1426 888 1425 888 1423 888 1393 888 1392 888 1391 888 1389 888 1389 890 1375 901 1375 903 1317 903 1317 901 1302 890 1302 888 1301 888 1299 888 1298 888 1297 888 1263 901 1261 901 1157 901 1146 891 1144 891 1143 891 1142 891 1140 891 1113 900 1109 903 1022 903 1015 900 999 890 998 890 997 890 995 890 884 900 826 904 817 898 810 894 809 894 807 894 806 894 805 894 789 898 772 904 766 898 758 891 756 891 755 891 753 891 752 891 731 898 716 904 706 898 695 891 694 891 692 891 691 891 689 891 671 898 658 904 647 898 632 891 631 891 630 891 499 897 500 937"/></Shape>
	    <String CONTENT="Behind that outside pattern the dim"
                    HPOS="499.0"
                    VPOS="888.0"
                    WIDTH="984.0"
                    HEIGHT="64.0"
                    WC="0.9718377181461879"></String>
          </TextLine>
          <TextLine ID="line_7"
                    TAGREFS="LT52"
                    BASELINE="442 1016 1254 1014" 
                    HPOS="440.0"
                    VPOS="974.0"
                    WIDTH="814.0"
                    HEIGHT="64.0">
            <Shape><Polygon POINTS="442 1016 442 1022 527 1036 529 1038 556 1038 556 1036 557 1036 558 1036 558 1035 568 1025 584 1031 585 1031 587 1031 628 1024 641 1035 641 1036 642 1036 644 1036 645 1038 681 1038 681 1036 736 1024 823 1032 824 1032 935 1022 977 1029 978 1029 1028 1022 1100 1035 1102 1035 1103 1035 1105 1035 1105 1033 1117 1022 1137 1022 1147 1031 1149 1031 1150 1031 1223 1035 1224 1035 1226 1035 1254 1019 1254 1014 1251 987 1197 985 1176 974 1174 974 1152 974 1150 974 1149 974 1147 974 1147 975 1136 985 846 978 844 978 843 978 842 978 830 985 782 975 780 975 779 975 778 975 758 988 735 988 723 977 723 975 722 975 721 975 719 975 648 987 576 979 574 979 573 979 571 979 566 985 558 979 557 979 556 979 554 979 504 985 494 977 494 975 493 975 492 975 466 975 465 975 463 975 440 987 442 1016"/></Shape>
	    <String CONTENT="shapes get clearer every day."
                    HPOS="440.0"
                    VPOS="974.0"
                    WIDTH="814.0"
                    HEIGHT="64.0"
                    WC="0.9988687305614866"></String>
          </TextLine>
          <TextLine ID="line_8"
                    TAGREFS="LT52"
                    BASELINE="502 1097 1479 1095" 
                    HPOS="500.0"
                    VPOS="1052.0"
                    WIDTH="979.0"
                    HEIGHT="64.0">
            <Shape><Polygon POINTS="502 1097 502 1105 613 1112 614 1112 615 1112 617 1112 625 1106 628 1105 753 1105 756 1106 776 1116 778 1116 779 1116 834 1106 847 1105 876 1106 947 1112 948 1112 950 1112 951 1112 957 1106 961 1105 1024 1107 1116 1110 1117 1110 1137 1107 1163 1103 1193 1107 1244 1115 1245 1116 1329 1116 1329 1115 1331 1115 1332 1115 1332 1113 1339 1107 1345 1103 1379 1107 1432 1115 1433 1115 1477 1107 1479 1095 1476 1062 1426 1052 1425 1052 1423 1052 1403 1060 1395 1065 1386 1060 1382 1059 1381 1059 1379 1059 1378 1059 1376 1059 1375 1060 1363 1069 1318 1069 1308 1060 1307 1060 1305 1060 1304 1060 1291 1060 1226 1063 1221 1060 1213 1053 1213 1052 1211 1052 1210 1052 1189 1052 1187 1052 1186 1052 1184 1052 1174 1060 1162 1069 1133 1069 1122 1059 1119 1058 1117 1058 1116 1058 1006 1058 1005 1058 1004 1058 1002 1058 1001 1059 985 1070 962 1070 947 1059 945 1059 944 1059 942 1059 941 1059 930 1065 923 1059 917 1053 915 1053 914 1053 884 1053 883 1053 881 1053 870 1059 850 1069 842 1060 840 1060 839 1060 807 1058 689 1053 688 1053 686 1053 685 1053 679 1058 659 1070 632 1070 598 1058 585 1053 584 1053 583 1053 581 1053 580 1053 576 1058 564 1068 553 1058 549 1055 549 1053 547 1053 546 1053 544 1053 500 1056 502 1097"/></Shape>
	    <String CONTENT="It is always the same shape, only"
                    HPOS="500.0"
                    VPOS="1052.0"
                    WIDTH="979.0"
                    HEIGHT="64.0"
                    WC="0.9903115449529706"></String>
          </TextLine>
          <TextLine ID="line_9"
                    TAGREFS="LT52"
                    BASELINE="448 1176 876 1176" 
                    HPOS="448.0"
                    VPOS="1146.0"
                    WIDTH="428.0"
                    HEIGHT="50.0">
            <Shape><Polygon POINTS="448 1176 448 1184 520 1194 521 1196 556 1196 556 1194 557 1194 558 1194 558 1193 567 1186 760 1186 772 1193 773 1193 775 1193 776 1193 778 1193 793 1186 876 1186 876 1176 876 1147 448 1146 448 1176"/></Shape>
	    <String CONTENT="very numerous."
                    HPOS="448.0"
                    VPOS="1146.0"
                    WIDTH="428.0"
                    HEIGHT="50.0"
                    WC="0.9659771493503025"></String>
          </TextLine>
          <TextLine ID="line_10"
                    TAGREFS="LT52"
                    BASELINE="502 1257 1470 1257" 
                    HPOS="502.0"
                    VPOS="1213.0"
                    WIDTH="968.0"
                    HEIGHT="62.0">
            <Shape><Polygon POINTS="502 1257 502 1264 513 1272 514 1272 516 1272 517 1274 610 1274 610 1272 611 1272 630 1264 631 1264 635 1264 689 1272 691 1272 692 1272 706 1265 709 1264 716 1265 745 1271 746 1271 792 1265 813 1264 817 1267 823 1271 824 1271 826 1271 903 1272 904 1272 931 1268 952 1264 967 1268 979 1272 981 1272 982 1272 984 1272 985 1272 989 1268 995 1264 1029 1264 1036 1270 1041 1272 1042 1272 1043 1272 1045 1272 1046 1272 1055 1270 1071 1264 1078 1270 1080 1272 1082 1272 1083 1272 1085 1274 1177 1274 1177 1272 1193 1271 1254 1264 1267 1272 1268 1272 1270 1272 1271 1272 1278 1272 1332 1265 1349 1272 1352 1274 1354 1274 1355 1275 1470 1275 1470 1257 1467 1221 1445 1227 1425 1221 1398 1213 1396 1213 1395 1213 1356 1221 1334 1227 1319 1221 1294 1213 1292 1213 1291 1213 1290 1213 1268 1223 1257 1227 1143 1223 1031 1220 1029 1220 1002 1224 988 1227 981 1224 970 1220 968 1220 967 1220 933 1225 918 1227 913 1225 877 1213 876 1213 819 1213 817 1213 816 1213 786 1227 783 1227 782 1227 745 1213 743 1213 742 1213 741 1213 709 1227 696 1216 696 1214 695 1214 694 1214 664 1213 662 1213 661 1213 659 1213 642 1225 628 1214 628 1213 627 1213 625 1213 624 1213 558 1224 527 1213 526 1213 524 1213 523 1213 521 1213 502 1225 502 1257"/></Shape>
	    <String CONTENT="And it is like a woman stooping"
                    HPOS="502.0"
                    VPOS="1213.0"
                    WIDTH="968.0"
                    HEIGHT="62.0"
                    WC="0.9888183263040358"></String>
          </TextLine>
          <TextLine ID="line_11"
                    TAGREFS="LT52"
                    BASELINE="442 1338 1487 1334" 
                    HPOS="440.0"
                    VPOS="1291.0"
                    WIDTH="1047.0"
                    HEIGHT="64.0">
            <Shape><Polygon POINTS="442 1338 442 1345 763 1352 765 1352 824 1345 839 1353 840 1353 842 1353 843 1355 971 1355 971 1353 972 1353 992 1345 999 1352 1001 1352 1002 1352 1004 1352 1059 1346 1075 1353 1076 1353 1078 1353 1079 1353 1080 1353 1090 1346 1136 1352 1137 1352 1139 1352 1140 1352 1140 1351 1149 1344 1183 1351 1184 1351 1186 1351 1201 1344 1211 1351 1213 1351 1214 1351 1339 1352 1341 1352 1342 1352 1373 1344 1382 1352 1383 1352 1385 1352 1386 1353 1474 1353 1474 1352 1476 1352 1477 1352 1487 1342 1487 1334 1486 1304 1466 1294 1464 1294 1463 1294 1462 1294 1426 1302 1413 1291 1412 1291 1410 1291 1409 1291 1408 1291 1373 1302 1349 1291 1348 1291 1346 1291 1345 1291 1311 1302 1282 1291 1281 1291 1228 1291 1227 1291 1226 1291 1201 1302 1169 1291 1167 1291 1166 1291 1164 1291 1163 1291 1150 1302 1133 1292 1132 1292 1130 1292 1129 1292 1127 1292 1116 1302 1058 1304 1025 1292 1024 1292 1022 1292 1021 1292 1019 1292 999 1305 933 1305 887 1292 886 1292 884 1292 883 1292 851 1304 750 1305 718 1294 716 1294 715 1294 714 1294 679 1305 590 1305 460 1294 459 1294 457 1294 456 1294 440 1304 442 1338"/></Shape>
	    <String CONTENT="down and creeping about behind that"
                    HPOS="440.0"
                    VPOS="1291.0"
                    WIDTH="1047.0"
                    HEIGHT="64.0"
                    WC="0.9986687813486371"></String>
          </TextLine>
          <TextLine ID="line_12"
                    TAGREFS="LT52"
                    BASELINE="443 1419 1482 1413" 
                    HPOS="442.0"
                    VPOS="1368.0"
                    WIDTH="1040.0"
                    HEIGHT="67.0">
            <Shape><Polygon POINTS="443 1419 443 1435 735 1423 782 1430 796 1432 797 1433 840 1433 840 1432 842 1432 843 1432 846 1429 854 1423 861 1429 866 1432 867 1432 869 1432 870 1432 871 1432 878 1429 888 1423 948 1427 989 1430 991 1430 992 1430 994 1430 998 1426 1005 1422 1031 1426 1055 1430 1056 1430 1058 1430 1068 1426 1076 1422 1086 1426 1099 1430 1100 1430 1102 1430 1103 1430 1122 1425 1135 1422 1162 1425 1220 1430 1221 1430 1223 1430 1240 1423 1247 1420 1290 1420 1292 1422 1299 1429 1301 1429 1302 1429 1304 1429 1305 1429 1328 1422 1332 1420 1336 1422 1355 1429 1356 1429 1358 1430 1455 1430 1455 1429 1456 1429 1482 1419 1482 1413 1479 1386 1344 1383 1327 1368 1325 1368 1324 1368 1301 1368 1299 1368 1298 1368 1297 1368 1275 1385 1156 1369 1154 1369 1153 1369 1152 1369 1130 1388 1078 1388 1048 1369 1046 1369 1045 1369 1043 1369 1042 1369 1011 1386 955 1371 954 1371 903 1371 901 1371 900 1371 898 1371 883 1383 864 1371 863 1371 861 1371 860 1371 859 1371 810 1383 786 1371 785 1371 783 1371 782 1371 749 1382 736 1371 735 1371 733 1371 706 1371 705 1371 704 1371 702 1371 681 1389 519 1373 517 1373 516 1373 482 1385 455 1380 453 1380 452 1380 450 1380 450 1382 442 1388 443 1419"/></Shape>
	    <String CONTENT="pattern. I don’t like it a bit. I won¬"
                    HPOS="442.0"
                    VPOS="1368.0"
                    WIDTH="1040.0"
                    HEIGHT="67.0"
                    WC="0.9887145977271231"></String>
          </TextLine>
          <TextLine ID="line_13"
                    TAGREFS="LT52"
                    BASELINE="443 1497 1483 1494" 
                    HPOS="442.0"
                    VPOS="1449.0"
                    WIDTH="1041.0"
                    HEIGHT="65.0">
            <Shape><Polygon POINTS="443 1497 443 1503 457 1513 459 1513 460 1513 462 1513 523 1511 524 1511 526 1511 539 1503 617 1503 641 1511 642 1511 644 1511 645 1511 678 1503 732 1514 733 1514 820 1511 822 1511 823 1511 832 1503 853 1513 854 1513 856 1513 898 1503 931 1513 933 1513 934 1513 1053 1510 1055 1510 1056 1510 1066 1501 1068 1501 1137 1501 1139 1501 1162 1511 1163 1511 1164 1511 1166 1511 1203 1501 1206 1501 1207 1501 1231 1513 1233 1513 1234 1513 1235 1513 1237 1513 1247 1506 1473 1511 1474 1511 1476 1511 1477 1511 1477 1510 1483 1503 1483 1494 1480 1464 1445 1464 1426 1449 1425 1449 1423 1449 1422 1449 1420 1449 1393 1459 1361 1449 1359 1449 1358 1449 1356 1449 1355 1449 1339 1463 1305 1449 1304 1449 1302 1449 1193 1463 1176 1449 1174 1449 1173 1449 1149 1449 1147 1449 1146 1449 1144 1449 1126 1464 1061 1464 1042 1449 1041 1449 1039 1449 1038 1449 1036 1449 1002 1459 978 1449 977 1449 975 1449 974 1449 972 1449 964 1456 931 1453 930 1453 928 1453 927 1453 913 1464 870 1464 859 1454 859 1453 857 1453 856 1453 854 1453 853 1453 819 1464 779 1450 778 1450 776 1450 775 1450 745 1466 716 1466 699 1450 698 1450 696 1450 695 1450 694 1450 665 1460 654 1450 652 1450 651 1450 622 1450 621 1450 620 1450 618 1450 601 1466 539 1466 465 1450 463 1450 462 1450 460 1450 442 1463 443 1497"/></Shape>
	    <String CONTENT="der — I begin to think — I wish John"
                    HPOS="442.0"
                    VPOS="1449.0"
                    WIDTH="1041.0"
                    HEIGHT="65.0"
                    WC="0.9954767541752921"></String>
          </TextLine>
          <TextLine ID="line_14"
                    TAGREFS="LT52"
                    BASELINE="449 1572 1354 1575" 
                    HPOS="448.0"
                    VPOS="1531.0"
                    WIDTH="906.0"
                    HEIGHT="64.0">
            <Shape><Polygon POINTS="449 1572 448 1584 460 1592 462 1592 463 1592 465 1592 466 1592 493 1584 502 1591 502 1592 503 1592 504 1592 506 1594 607 1594 607 1592 608 1592 610 1592 620 1584 645 1592 647 1592 648 1592 743 1591 745 1591 746 1591 755 1584 849 1591 850 1591 883 1584 904 1592 906 1592 907 1592 958 1585 975 1594 977 1594 978 1595 1019 1595 1019 1594 1021 1594 1022 1594 1032 1585 1110 1594 1112 1594 1352 1584 1354 1575 1351 1537 1247 1538 1245 1538 1244 1538 1238 1544 1230 1537 1226 1534 1226 1533 1224 1533 1223 1533 1203 1533 1201 1533 1200 1533 1199 1533 1199 1534 1194 1537 1186 1545 1167 1538 1166 1538 1164 1538 1100 1544 1095 1538 1089 1534 1089 1533 1088 1533 1086 1533 1062 1533 1061 1533 1059 1533 1058 1533 1058 1534 1052 1538 1043 1545 931 1540 898 1538 897 1538 832 1540 723 1544 715 1541 686 1531 685 1531 684 1531 682 1531 681 1531 664 1541 664 1543 662 1541 651 1534 649 1534 648 1534 647 1534 645 1534 630 1543 625 1544 624 1543 614 1533 614 1531 613 1531 611 1531 561 1531 560 1531 558 1531 557 1531 543 1543 540 1544 449 1544 449 1572"/></Shape>
	    <String CONTENT="would take me away from here!"
                    HPOS="448.0"
                    VPOS="1531.0"
                    WIDTH="906.0"
                    HEIGHT="64.0"></String>
          </TextLine>
        </TextBlock>
        <TextBlock HPOS="927"
                   VPOS="1997"
                   WIDTH="81"
                   HEIGHT="70"
                   ID="block_1"
                   TAGREFS="BT15">
          <Shape><Polygon POINTS="1008 1997 1008 2067 927 2067 927 1997"/></Shape>
          <TextLine ID="line_15"
                    TAGREFS="LT52"
                    BASELINE="938 2048 997 2045" 
                    HPOS="935.0"
                    VPOS="1998.0"
                    WIDTH="62.0"
                    HEIGHT="61.0">
            <Shape><Polygon POINTS="938 2048 938 2059 997 2056 997 2045 991 1998 935 2009 938 2048"/></Shape>
	    <String CONTENT="28"
                    HPOS="935.0"
                    VPOS="1998.0"
                    WIDTH="62.0"
                    HEIGHT="61.0"
                    WC="0.9998801052570343"></String>
          </TextLine>
        </TextBlock>
        <TextBlock HPOS="465"
                   VPOS="336"
                   WIDTH="1008"
                   HEIGHT="105"
                   ID="eSc_textblock_e6c9a813"
                   TAGREFS="BT18">
          <Shape><Polygon POINTS="465 336 465 441 1473 441 1473 336"/></Shape>
        </TextBlock>
      </PrintSpace>
    </Page>
  </Layout>
</alto>
