1785 2560
317.0 392.0 1001.0 73.0 THE YELLOW WALL PAPER

352.0 519.0 801.0 55.0 I wish I could get well faster.

348.0 590.0 984.0 62.0 But I must not think about that.

295.0 669.0 1039.0 66.0 This paper looks to me as if it knew

297.0 752.0 890.0 54.0 what a vicious influence it had!

354.0 832.0 980.0 61.0 There is a recurrent spot where the

291.0 910.0 1045.0 61.0 pattern lolls like a broken neck and

291.0 992.0 1043.0 63.0 two bulbous eyes stare at you upside¬

295.0 1075.0 180.0 51.0 down.

352.0 1149.0 983.0 69.0 I got positively angry with the im¬

302.0 1230.0 1023.0 67.0 pertinence of it and the everlasting¬

295.0 1312.0 1037.0 63.0 ness. Up and down and sideways they

295.0 1392.0 1030.0 61.0 crawl, and those absurd, unblinking

295.0 1473.0 1041.0 60.0 eyes are everywhere. There is one

298.0 1551.0 1041.0 63.0 place where two breadths didn’t match,

295.0 1631.0 1043.0 62.0 and the eyes go all up and down the

298.0 1708.0 1043.0 65.0 line, one a little higher than the other.

358.0 1793.0 983.0 58.0 I never saw so much expression in

300.0 1870.0 1042.0 62.0 an inanimate thing before, and we all

301.0 1952.0 1041.0 61.0 know how much expression they havel

787 2022 90 64 15
