1785 2560
463.0 368.0 1007.0 72.0 THE YELLOW WALL PAPER

497 480 982 72 " What is it, little girl?" he said.

437 558 1040 77 "Don’t go walking about like that –

440.0 645.0 438.0 71.0 you’ll get cold."

490.0 729.0 987.0 66.0 I thought it was a good time to

435 804 1042 70 talk, so I told him that I really was

433.0 890.0 1046.0 65.0 not gaining here, and that I wished

435.0 972.0 695.0 61.0 he would take me away.

499 1043 976 74 "Why, darling !" said he, “our lease

438.0 1133.0 1038.0 60.0 will be up in three weeks, and I can’t

433.0 1214.0 690.0 57.0 see how to leave before.

486 1288 985 66 " The repairs are not done at home,

430.0 1373.0 1046.0 63.0 and I cannot possibly leave town just

432.0 1456.0 1040.0 58.0 now. Of course if you were in any

429.0 1531.0 1043.0 64.0 danger I could and would, but you

429.0 1614.0 1043.0 64.0 really are better, dear, whether you

429.0 1695.0 1043.0 58.0 can see it or not. I am a doctor,

429.0 1770.0 1033.0 68.0 dear, and I know. You are gaining

432.0 1856.0 1038.0 61.0 flesh and color, your appetite is better.

429 1926 1031 75 I feel really much easier about you."

903 2005 109 72 30
