1785 2560
310.0 396.0 1002.0 73.0 THE YELLOW WALL PAPER

339 509 1006 71 I DON'T know why I should write

284.0 593.0 129.0 64.0 this.

342.0 676.0 451.0 60.0 I don’t want to.

341.0 750.0 472.0 64.0 I don’t feel able.

338.0 832.0 986.0 65.0 And I know John would think it

278.0 914.0 1046.0 68.0 absurd. But I must say what I feel

277.0 995.0 1045.0 63.0 and think in some way — it is such a

278.0 1072.0 192.0 65.0 relief!

338.0 1154.0 983.0 66.0 But the effort is getting to be greater

283.0 1235.0 401.0 57.0 than the relief.

338.0 1314.0 979.0 64.0 Half the time now I am awfully lazy,

278.0 1398.0 744.0 59.0 and lie down ever so much.

334.0 1476.0 981.0 68.0 John says I mustn’t lose my strength,

277.0 1554.0 1040.0 58.0 and has me take cod-liver oil and lots

278.0 1635.0 1033.0 70.0 of tonics and things, to say nothing of

278.0 1719.0 751.0 57.0 ale and wine and rare meat.

335.0 1796.0 977.0 64.0 Dear John! He loves me very

277.0 1877.0 1035.0 64.0 dearly, and hates to have me sick. I

278.0 1958.0 1039.0 60.0 tried to have a real earnest reasonable

755 2030 99 69 25
