1785 2560
455.0 381.0 1007.0 68.0 THE YELLOW WALL PAPER

427 494 1050 77 was changed it would be the heavy

430 578 1043 64 bedstead, and then the barred win¬

429.0 661.0 1047.0 68.0 dows, and then that gate at the head

432.0 743.0 674.0 59.0 of the stairs, and so on.

484 810 989 71 " You know the place is doing you

435 889 1033 81 good,” he said, and really, dear, I

430.0 982.0 1047.0 60.0 don’t care to renovate the house just

430.0 1060.0 750.0 62.0 for a three months' rental."

493 1134 995 69 "Then do let us go downstairs," I

430.0 1218.0 1044.0 64.0 said, “there are such pretty rooms

429 1299 217 53 there."

493.0 1375.0 984.0 64.0 Then he took me in his arms and

430.0 1456.0 1047.0 67.0 called me a blessed little goose, and

429.0 1534.0 1041.0 66.0 said he would go down cellar if I

436.0 1615.0 1040.0 64.0 wished, and have it whitewashed into

435.0 1698.0 337.0 62.0 the bargain.

492.0 1776.0 982.0 67.0 But he is right enough about the

435.0 1860.0 840.0 64.0 beds and windows and things.

494.0 1941.0 982.0 65.0 It is as airy and comfortable a room

931.0 2018.0 50.0 54.0 12
