<?xml version="1.0" encoding="UTF-8"?>
<alto xmlns:xsi="http://www.w3.org/2001/XMLSchema-instance"
      xmlns="http://www.loc.gov/standards/alto/ns-v4#"
      xsi:schemaLocation="http://www.loc.gov/standards/alto/ns-v4# http://www.loc.gov/standards/alto/v4/alto-4-2.xsd">
  <Description>
    <MeasurementUnit>pixel</MeasurementUnit>
    <sourceImageInformation>
      <fileName>page_00056.png</fileName>
    </sourceImageInformation>
  </Description>
  <Tags>
    <OtherTag ID="BT7" LABEL="CustomZone" DESCRIPTION="block type CustomZone"/><OtherTag ID="BT8" LABEL="DamageZone" DESCRIPTION="block type DamageZone"/><OtherTag ID="BT9" LABEL="DigitizationArtefactZone" DESCRIPTION="block type DigitizationArtefactZone"/><OtherTag ID="BT10" LABEL="DropCapitalZone" DESCRIPTION="block type DropCapitalZone"/><OtherTag ID="BT11" LABEL="GraphicZone" DESCRIPTION="block type GraphicZone"/><OtherTag ID="BT12" LABEL="MainZone" DESCRIPTION="block type MainZone"/><OtherTag ID="BT13" LABEL="MarginTextZone" DESCRIPTION="block type MarginTextZone"/><OtherTag ID="BT14" LABEL="MusicZone" DESCRIPTION="block type MusicZone"/><OtherTag ID="BT15" LABEL="NumberingZone" DESCRIPTION="block type NumberingZone"/><OtherTag ID="BT17" LABEL="QuireMarksZone" DESCRIPTION="block type QuireMarksZone"/><OtherTag ID="BT18" LABEL="RunningTitleZone" DESCRIPTION="block type RunningTitleZone"/><OtherTag ID="BT19" LABEL="SealZone" DESCRIPTION="block type SealZone"/><OtherTag ID="BT20" LABEL="StampZone" DESCRIPTION="block type StampZone"/><OtherTag ID="BT21" LABEL="TableZone" DESCRIPTION="block type TableZone"/><OtherTag ID="BT22" LABEL="TitlePageZone" DESCRIPTION="block type TitlePageZone"/>
    <OtherTag ID="LT7" LABEL="CustomLine" DESCRIPTION="line type CustomLine"/><OtherTag ID="LT8" LABEL="DefaultLine" DESCRIPTION="line type DefaultLine"/><OtherTag ID="LT9" LABEL="DropCapitalLine" DESCRIPTION="line type DropCapitalLine"/><OtherTag ID="LT10" LABEL="HeadingLine" DESCRIPTION="line type HeadingLine"/><OtherTag ID="LT11" LABEL="InterlinearLine" DESCRIPTION="line type InterlinearLine"/><OtherTag ID="LT12" LABEL="MusicLine" DESCRIPTION="line type MusicLine"/><OtherTag ID="LT52" LABEL="default" DESCRIPTION="line type default"/>
  </Tags>
  <Layout>
    <Page WIDTH="1785"
          HEIGHT="2560"
          PHYSICAL_IMG_NR="54"
          ID="eSc_dummypage_">
      <PrintSpace HPOS="0"
                  VPOS="0"
                  WIDTH="1785"
                  HEIGHT="2560">
        <TextBlock HPOS="420"
                   VPOS="513"
                   WIDTH="1079"
                   HEIGHT="1531"
                   ID="block_0"
                   TAGREFS="BT12">
          <Shape><Polygon POINTS="1499 514 1499 2044 420 2044 420 513"/></Shape>
          <TextLine ID="line_0"
                    TAGREFS="LT52"
                    BASELINE="469 460 1476 457" 
                    HPOS="467.0"
                    VPOS="403.0"
                    WIDTH="1009.0"
                    HEIGHT="66.0">
            <Shape><Polygon POINTS="469 460 469 469 1474 469 1476 457 1473 415 1321 415 1308 406 1307 406 1305 406 1304 406 1302 406 1282 413 1255 406 1254 406 1253 406 1190 413 1176 405 1174 405 1173 405 1171 405 1102 413 1089 403 1088 403 1086 403 1085 403 1083 403 1082 403 1071 412 1059 403 1058 403 1056 403 1055 403 978 415 970 415 967 415 950 406 948 406 947 406 853 408 851 408 850 408 842 415 840 415 834 415 795 408 793 408 792 408 779 415 772 408 770 408 769 408 684 405 682 405 681 405 647 415 641 415 637 415 608 408 607 408 467 413 469 460"/></Shape>
	    <String CONTENT="THE YELLOW WALL PAPER"
                    HPOS="467.0"
                    VPOS="403.0"
                    WIDTH="1009.0"
                    HEIGHT="66.0"
                    WC="0.999446709950765"></String>
          </TextLine>
          <TextLine ID="line_1"
                    TAGREFS="LT52"
                    BASELINE="500 570 1480 567" 
                    HPOS="499.0"
                    VPOS="529.0"
                    WIDTH="981.0"
                    HEIGHT="59.0">
            <Shape><Polygon POINTS="1452 539 1437 539 1423 539 1409 539 1408 540 1406 541 1385 541 1383 540 1381 539 1366 539 1352 539 1349 539 1338 539 1324 539 1309 539 1295 539 1281 539 1267 539 1253 539 1238 539 1224 539 1223 539 1200 540 1197 539 1196 539 1181 539 1167 539 1153 539 1139 539 1125 539 1110 539 1096 539 1082 539 1068 539 1053 539 1039 539 1025 539 1011 539 1008 539 988 541 970 539 968 539 954 539 940 539 925 539 911 539 897 539 891 539 886 541 877 539 869 539 854 539 840 539 826 539 812 539 807 539 797 539 783 539 769 539 755 539 748 539 745 541 728 539 726 539 712 539 698 539 684 539 669 539 655 539 641 539 627 539 613 539 603 539 600 541 561 533 540 529 539 529 499 531 500 570 500 577 549 584 550 584 597 577 604 577 613 577 677 587 678 588 708 588 708 587 709 587 711 587 722 577 723 577 728 577 768 585 769 585 877 577 894 577 898 577 934 587 935 587 937 588 971 588 971 587 972 587 974 587 988 577 991 576 994 577 1005 585 1006 585 1008 585 1009 585 1191 583 1193 583 1194 583 1200 577 1203 576 1213 577 1244 584 1245 584 1294 578 1304 585 1305 585 1307 585 1308 587 1373 587 1373 585 1375 585 1376 585 1385 577 1388 576 1395 577 1418 584 1419 584 1420 584 1479 577 1480 567 1477 541 1463 539 1452 539"/></Shape>
	    <String CONTENT="IF only that top pattern could be"
                    HPOS="499.0"
                    VPOS="529.0"
                    WIDTH="981.0"
                    HEIGHT="59.0"></String>
          </TextLine>
          <TextLine ID="line_2"
                    TAGREFS="LT52"
                    BASELINE="442 648 1480 648" 
                    HPOS="442.0"
                    VPOS="605.0"
                    WIDTH="1038.0"
                    HEIGHT="63.0">
            <Shape><Polygon POINTS="442 648 442 668 499 668 499 667 500 667 502 667 509 659 519 667 520 667 521 667 523 667 605 665 607 665 608 665 615 658 637 665 638 665 640 665 642 665 699 658 722 665 725 665 726 665 728 665 733 665 765 658 773 664 775 665 776 665 778 665 779 667 843 667 843 665 844 665 846 665 847 664 854 658 874 664 883 665 884 665 886 665 913 662 957 658 974 662 985 665 987 665 988 665 1061 661 1123 658 1160 661 1227 665 1228 665 1230 665 1231 665 1237 659 1238 658 1240 659 1248 665 1250 665 1251 665 1253 665 1254 665 1278 659 1284 658 1288 659 1308 665 1309 665 1311 665 1312 665 1328 658 1329 658 1336 665 1338 665 1339 665 1433 667 1435 667 1480 657 1480 648 1480 618 1335 618 1321 605 1319 605 1318 605 1317 605 1277 614 1240 605 1238 605 1237 605 1235 605 1208 618 1100 618 1053 605 1052 605 1051 605 1049 605 1048 605 1035 617 931 617 917 605 915 605 914 605 886 605 884 605 883 605 881 605 867 618 792 618 758 605 756 605 755 605 753 605 719 614 709 605 708 605 706 605 668 605 667 605 665 605 634 617 519 607 517 607 516 607 514 607 504 617 442 617 442 648"/></Shape>
	    <String CONTENT="gotten off from the under one! I mean"
                    HPOS="442.0"
                    VPOS="605.0"
                    WIDTH="1038.0"
                    HEIGHT="63.0"
                    WC="0.9918449408299214"></String>
          </TextLine>
          <TextLine ID="line_3"
                    TAGREFS="LT52"
                    BASELINE="443 731 1052 726" 
                    HPOS="442.0"
                    VPOS="681.0"
                    WIDTH="610.0"
                    HEIGHT="68.0">
            <Shape><Polygon POINTS="443 731 443 739 519 739 549 749 550 749 551 749 607 739 642 749 644 749 645 749 647 749 672 738 748 746 749 746 820 738 846 748 847 748 849 748 876 746 877 746 878 746 878 745 888 736 1036 743 1038 743 1039 743 1041 743 1052 735 1052 726 1049 696 1005 694 994 682 994 681 992 681 991 681 989 681 988 681 957 691 906 681 904 681 903 681 901 681 901 682 887 696 850 696 824 682 823 682 822 682 820 682 819 682 819 684 806 696 772 682 770 682 769 682 768 682 735 691 684 682 682 682 681 682 679 682 679 684 665 696 615 684 614 684 613 684 611 684 610 684 610 685 595 698 524 686 523 686 521 686 494 698 457 685 456 685 455 685 453 685 452 685 452 686 442 696 443 731"/></Shape>
	    <String CONTENT="to try it, little by little."
                    HPOS="442.0"
                    VPOS="681.0"
                    WIDTH="610.0"
                    HEIGHT="68.0"
                    WC="0.992076405457088"></String>
          </TextLine>
          <TextLine ID="line_4"
                    TAGREFS="LT52"
                    BASELINE="496 813 1476 809" 
                    HPOS="494.0"
                    VPOS="763.0"
                    WIDTH="982.0"
                    HEIGHT="57.0">
            <Shape><Polygon POINTS="594 783 588 766 578 766 577 766 576 766 574 766 561 777 557 780 553 777 539 766 537 766 536 766 503 766 502 766 500 766 499 766 499 768 497 768 494 769 496 813 496 819 1473 820 1476 809 1472 775 1378 777 1369 775 1341 763 1339 763 1338 763 1336 763 1335 763 1335 765 1324 775 1318 779 1282 775 1244 770 1243 770 1241 770 1233 775 1228 777 1226 775 1214 765 1214 763 1213 763 1211 763 1193 763 1191 763 1190 763 1157 775 1146 779 1122 775 1099 772 1098 772 1096 772 1095 772 1090 775 1080 782 1045 782 1039 776 1028 766 1028 765 1026 765 1025 765 1024 765 1022 765 1021 765 1011 773 964 770 962 770 961 770 960 770 960 772 954 776 948 782 927 782 921 776 908 765 907 765 906 765 883 765 881 765 880 765 878 765 866 776 864 777 806 777 803 776 792 766 790 766 789 766 765 766 763 766 762 766 760 766 749 776 742 782 615 779 614 777 603 768 603 766 601 766 600 766 598 766 594 783"/></Shape>
	    <String CONTENT="I have found out another funny"
                    HPOS="494.0"
                    VPOS="763.0"
                    WIDTH="982.0"
                    HEIGHT="57.0"
                    WC="0.9786349972089131"></String>
          </TextLine>
          <TextLine ID="line_5"
                    TAGREFS="LT52"
                    BASELINE="439 890 1480 890" 
                    HPOS="439.0"
                    VPOS="843.0"
                    WIDTH="1041.0"
                    HEIGHT="65.0">
            <Shape><Polygon POINTS="439 890 439 897 534 907 536 908 598 908 598 907 600 907 601 907 610 898 634 907 635 907 637 907 716 898 803 898 816 905 817 905 819 905 820 905 937 898 1466 905 1467 905 1469 905 1470 905 1480 898 1480 890 1480 849 1457 843 1456 843 1455 843 1440 849 1418 857 1385 849 1358 843 1356 843 1355 843 1354 843 1344 850 1328 859 1295 859 1282 850 1271 843 1270 843 1268 843 1220 843 1218 843 1217 843 1216 843 1203 851 1191 859 1167 859 1152 851 1130 843 1129 843 1127 843 1126 843 1125 843 1110 851 1102 857 1096 851 1085 843 1083 843 1082 843 1049 843 1048 843 1046 843 1045 843 1029 853 1025 856 1021 853 1012 847 1011 847 1009 847 1008 847 1006 847 1005 847 998 853 992 859 965 859 955 853 931 843 930 843 928 843 927 843 925 843 913 854 869 857 861 854 837 843 836 843 834 843 833 843 832 843 814 854 810 859 792 859 789 856 775 843 773 843 772 843 750 843 749 843 748 843 746 843 732 856 731 857 725 856 698 847 696 847 695 847 694 847 672 856 669 857 667 856 628 843 627 843 625 843 624 843 622 843 607 857 605 859 536 859 534 857 514 843 513 843 512 843 510 843 509 843 490 851 467 843 466 843 465 843 463 843 462 843 439 856 439 890"/></Shape>
	    <String CONTENT="thing, but I shan’t tell it this time!"
                    HPOS="439.0"
                    VPOS="843.0"
                    WIDTH="1041.0"
                    HEIGHT="65.0"
                    WC="0.9996375676832701"></String>
          </TextLine>
          <TextLine ID="line_6"
                    TAGREFS="LT52"
                    BASELINE="440 972 1477 968" 
                    HPOS="439.0"
                    VPOS="925.0"
                    WIDTH="1038.0"
                    HEIGHT="63.0">
            <Shape><Polygon POINTS="440 972 440 978 640 987 641 987 679 978 689 987 691 987 692 987 694 988 768 988 768 987 769 987 770 987 785 978 786 977 792 977 830 985 832 985 911 977 918 977 921 977 957 987 958 987 960 987 961 987 962 987 975 977 977 977 1016 977 1018 977 1029 987 1031 987 1032 987 1034 987 1035 987 1065 979 1110 987 1112 987 1113 987 1147 975 1150 975 1152 975 1169 985 1170 985 1171 987 1346 987 1346 985 1348 985 1349 985 1361 975 1362 975 1363 975 1463 985 1464 985 1466 985 1467 985 1477 975 1477 968 1474 942 1402 927 1400 927 1399 927 1398 927 1382 941 1381 942 1355 942 1352 941 1328 925 1327 925 1325 925 1324 925 1244 938 1189 932 1187 932 1186 932 1184 932 1177 940 1173 942 1153 942 1149 938 1135 925 1133 925 1132 925 1130 925 1129 925 1098 937 1031 927 1029 927 1028 927 1026 927 1015 937 1008 944 974 944 960 937 935 927 934 927 933 927 931 927 930 927 915 937 907 942 887 937 857 927 856 927 854 927 817 935 783 944 773 935 765 928 763 928 762 928 760 928 759 928 738 935 721 940 702 934 699 934 698 934 696 934 695 934 694 934 679 945 655 945 644 935 644 934 642 934 641 934 640 934 637 934 595 940 581 932 570 928 568 928 541 928 540 928 539 928 537 928 533 932 520 944 494 932 485 928 483 928 482 928 439 931 440 972"/></Shape>
	    <String CONTENT="It does not do to trust people too"
                    HPOS="439.0"
                    VPOS="925.0"
                    WIDTH="1038.0"
                    HEIGHT="63.0"
                    WC="0.9996986546937157"></String>
          </TextLine>
          <TextLine ID="line_7"
                    TAGREFS="LT52"
                    BASELINE="442 1051 621 1051" 
                    HPOS="442.0"
                    VPOS="1008.0"
                    WIDTH="179.0"
                    HEIGHT="54.0">
            <Shape><Polygon POINTS="442 1051 442 1062 621 1062 621 1051 621 1024 558 1008 557 1008 556 1008 554 1008 553 1008 533 1021 487 1014 486 1014 442 1024 442 1051"/></Shape>
	    <String CONTENT="much."
                    HPOS="442.0"
                    VPOS="1008.0"
                    WIDTH="179.0"
                    HEIGHT="54.0"
                    WC="0.9850401163101197"></String>
          </TextLine>
          <TextLine ID="line_8"
                    TAGREFS="LT52"
                    BASELINE="500 1132 1482 1129" 
                    HPOS="499.0"
                    VPOS="1086.0"
                    WIDTH="983.0"
                    HEIGHT="63.0">
            <Shape><Polygon POINTS="500 1132 500 1137 597 1146 598 1146 632 1139 648 1146 649 1146 651 1146 652 1146 654 1146 665 1139 755 1146 756 1146 758 1146 785 1139 886 1149 887 1149 888 1149 890 1149 890 1147 901 1139 927 1146 928 1146 930 1146 931 1146 933 1146 944 1139 1102 1144 1103 1144 1139 1137 1154 1144 1156 1144 1157 1144 1159 1144 1187 1137 1194 1144 1196 1144 1197 1144 1274 1147 1275 1147 1318 1137 1328 1146 1329 1146 1331 1146 1332 1146 1371 1140 1379 1147 1381 1147 1382 1147 1383 1149 1467 1149 1467 1147 1469 1147 1470 1147 1470 1146 1482 1134 1482 1129 1480 1097 1466 1088 1464 1088 1463 1088 1462 1088 1460 1088 1459 1088 1447 1097 1348 1097 1336 1088 1336 1086 1335 1086 1334 1086 1332 1086 1331 1086 1329 1086 1329 1088 1317 1097 1294 1097 1247 1097 1227 1086 1226 1086 1200 1086 1199 1086 1197 1086 1196 1086 1183 1097 1181 1097 1169 1096 1100 1090 1099 1090 1098 1090 1096 1090 1089 1096 1086 1099 1014 1099 1011 1096 1005 1090 1004 1090 1002 1090 927 1088 925 1088 924 1088 923 1088 914 1095 908 1099 893 1095 870 1088 869 1088 867 1088 823 1093 785 1099 499 1092 500 1132"/></Shape>
	    <String CONTENT="There are only two more days to get"
                    HPOS="499.0"
                    VPOS="1086.0"
                    WIDTH="983.0"
                    HEIGHT="63.0"
                    WC="0.9997193438666208"></String>
          </TextLine>
          <TextLine ID="line_9"
                    TAGREFS="LT52"
                    BASELINE="438 1211 1474 1208" 
                    HPOS="436.0"
                    VPOS="1163.0"
                    WIDTH="1038.0"
                    HEIGHT="65.0">
            <Shape><Polygon POINTS="438 1211 438 1218 549 1218 550 1220 560 1227 560 1228 561 1228 563 1228 564 1228 706 1225 708 1225 709 1225 715 1220 718 1218 733 1220 810 1228 812 1228 813 1228 839 1220 846 1218 877 1220 950 1225 951 1225 952 1225 954 1225 960 1220 964 1217 975 1221 988 1224 989 1224 991 1224 992 1224 1005 1221 1019 1217 1039 1221 1059 1224 1061 1224 1126 1221 1206 1217 1213 1221 1224 1227 1226 1227 1227 1227 1228 1227 1230 1227 1237 1221 1243 1217 1250 1221 1260 1227 1261 1227 1263 1227 1398 1225 1399 1225 1400 1225 1405 1221 1409 1217 1420 1221 1433 1227 1435 1227 1436 1227 1473 1221 1474 1208 1473 1177 1443 1163 1442 1163 1440 1163 1439 1163 1437 1163 1419 1177 1418 1179 1368 1179 1368 1177 1351 1163 1349 1163 1348 1163 1346 1163 1345 1163 1318 1173 1285 1163 1284 1163 1282 1163 1281 1163 1280 1163 1261 1177 1261 1179 1213 1179 1213 1177 1113 1163 1112 1163 1110 1163 1109 1163 1086 1177 1055 1163 1053 1163 1052 1163 1051 1163 1049 1163 1032 1176 1016 1163 1015 1163 1014 1163 1012 1163 1011 1163 971 1173 957 1163 955 1163 954 1163 952 1163 951 1163 921 1177 876 1179 866 1180 849 1180 849 1179 830 1164 829 1164 827 1164 793 1164 792 1164 790 1164 753 1179 618 1171 617 1171 540 1179 517 1164 516 1164 514 1164 460 1164 459 1164 457 1164 456 1164 436 1176 438 1211"/></Shape>
	    <String CONTENT="this paper off, and I believe John is"
                    HPOS="436.0"
                    VPOS="1163.0"
                    WIDTH="1038.0"
                    HEIGHT="65.0"
                    WC="0.998552601079683"></String>
          </TextLine>
          <TextLine ID="line_10"
                    TAGREFS="LT52"
                    BASELINE="439 1291 1476 1291" 
                    HPOS="439.0"
                    VPOS="1247.0"
                    WIDTH="1037.0"
                    HEIGHT="65.0">
            <Shape><Polygon POINTS="439 1291 439 1299 496 1311 497 1312 702 1312 702 1311 704 1311 705 1311 716 1301 738 1309 739 1309 741 1309 742 1309 779 1301 851 1308 853 1308 984 1301 1102 1301 1113 1308 1115 1308 1116 1308 1117 1309 1199 1309 1199 1308 1200 1308 1214 1301 1227 1308 1228 1308 1230 1308 1231 1308 1258 1301 1265 1308 1267 1308 1268 1308 1344 1309 1345 1309 1386 1301 1396 1309 1398 1309 1399 1309 1400 1311 1463 1311 1463 1309 1464 1309 1466 1309 1476 1299 1476 1291 1474 1264 1446 1262 1428 1247 1426 1247 1425 1247 1423 1247 1422 1247 1385 1262 1382 1262 1359 1262 1336 1261 1318 1247 1317 1247 1315 1247 1264 1247 1263 1247 1261 1247 1260 1247 1244 1261 1243 1262 1240 1260 1220 1247 1218 1247 1217 1247 1216 1247 1214 1247 1169 1260 1167 1260 1164 1260 1120 1247 1119 1247 1117 1247 1116 1247 1115 1247 1100 1258 1099 1260 1096 1258 1082 1247 1080 1247 1079 1247 1052 1247 1051 1247 1049 1247 1048 1247 1035 1258 1028 1264 968 1264 960 1257 958 1255 957 1255 955 1255 954 1255 952 1255 948 1257 938 1261 928 1257 907 1247 906 1247 904 1247 903 1247 869 1255 842 1264 779 1264 758 1254 741 1248 739 1248 738 1248 736 1248 735 1248 729 1254 718 1264 667 1264 648 1252 635 1247 634 1247 632 1247 631 1247 613 1252 585 1261 567 1252 556 1247 554 1247 553 1247 551 1247 536 1251 506 1262 482 1262 467 1251 463 1247 462 1247 460 1247 459 1247 439 1250 439 1291"/></Shape>
	    <String CONTENT="beginning to notice. I don’t like the"
                    HPOS="439.0"
                    VPOS="1247.0"
                    WIDTH="1037.0"
                    HEIGHT="65.0"
                    WC="0.9990282751418449"></String>
          </TextLine>
          <TextLine ID="line_11"
                    TAGREFS="LT52"
                    BASELINE="440 1373 911 1371" 
                    HPOS="439.0"
                    VPOS="1326.0"
                    WIDTH="472.0"
                    HEIGHT="63.0">
            <Shape><Polygon POINTS="440 1373 440 1379 482 1388 483 1388 485 1388 486 1388 496 1380 674 1386 675 1386 770 1379 785 1388 786 1388 787 1388 789 1389 851 1389 851 1388 898 1386 900 1386 901 1386 911 1378 911 1371 908 1344 783 1335 782 1335 756 1341 745 1342 741 1339 719 1326 718 1326 716 1326 715 1326 714 1326 692 1334 668 1328 667 1328 665 1328 664 1328 662 1328 662 1329 652 1338 647 1344 632 1338 605 1328 604 1328 603 1328 601 1328 584 1336 573 1344 560 1336 543 1328 541 1328 540 1328 539 1328 514 1336 494 1342 480 1335 466 1328 465 1328 463 1328 462 1328 439 1334 440 1373"/></Shape>
	    <String CONTENT="look in his eyes."
                    HPOS="439.0"
                    VPOS="1326.0"
                    WIDTH="472.0"
                    HEIGHT="63.0"
                    WC="0.9997966605074265"></String>
          </TextLine>
          <TextLine ID="line_12"
                    TAGREFS="LT52"
                    BASELINE="497 1450 1470 1454" 
                    HPOS="496.0"
                    VPOS="1405.0"
                    WIDTH="974.0"
                    HEIGHT="64.0">
            <Shape><Polygon POINTS="497 1450 496 1460 504 1467 506 1467 507 1467 509 1469 617 1469 617 1467 618 1467 620 1467 628 1460 657 1467 658 1467 659 1467 661 1467 681 1460 822 1469 823 1469 824 1469 826 1469 836 1462 1063 1469 1065 1469 1469 1462 1470 1454 1469 1408 1413 1420 1382 1409 1381 1409 1379 1409 1378 1409 1376 1409 1365 1419 1345 1409 1342 1408 1341 1408 1321 1408 1319 1408 1318 1408 1317 1408 1317 1409 1301 1422 1241 1422 1211 1410 1204 1408 1203 1408 1201 1408 1200 1408 1193 1410 1163 1420 1129 1410 1112 1406 1110 1406 1082 1406 1080 1406 1079 1406 1078 1406 1078 1408 1072 1412 1063 1419 1039 1412 1021 1406 1019 1406 1018 1406 1016 1406 1005 1412 994 1419 944 1419 914 1419 907 1413 898 1406 897 1406 896 1406 894 1406 840 1413 839 1413 824 1405 823 1405 822 1405 820 1405 819 1405 785 1415 772 1419 715 1419 712 1415 701 1406 701 1405 699 1405 698 1405 696 1405 695 1405 674 1412 644 1405 642 1405 641 1405 640 1405 638 1405 638 1406 628 1415 605 1405 604 1405 603 1405 601 1405 600 1405 600 1406 587 1416 585 1419 553 1419 550 1416 527 1405 526 1405 524 1405 523 1405 497 1416 497 1450"/></Shape>
	    <String CONTENT="And I heard him ask Jennie a lot of"
                    HPOS="496.0"
                    VPOS="1405.0"
                    WIDTH="974.0"
                    HEIGHT="64.0"
                    WC="0.9851008602551051"></String>
          </TextLine>
          <TextLine ID="line_13"
                    TAGREFS="LT52"
                    BASELINE="440 1534 1477 1534" 
                    HPOS="440.0"
                    VPOS="1490.0"
                    WIDTH="1037.0"
                    HEIGHT="63.0">
            <Shape><Polygon POINTS="440 1534 440 1551 500 1543 587 1550 588 1550 590 1550 595 1550 770 1543 778 1548 780 1551 782 1551 783 1551 785 1551 813 1548 844 1544 975 1545 1181 1550 1183 1550 1184 1550 1208 1544 1214 1543 1226 1544 1285 1550 1287 1550 1368 1543 1391 1551 1392 1551 1393 1553 1463 1553 1463 1551 1464 1551 1466 1551 1477 1541 1477 1534 1476 1504 1445 1504 1429 1490 1428 1490 1426 1490 1378 1490 1376 1490 1375 1490 1373 1490 1358 1504 1199 1504 1183 1490 1181 1490 1180 1490 1179 1490 1110 1503 1095 1490 1093 1490 1092 1490 1090 1490 1089 1490 1045 1503 960 1503 903 1490 901 1490 900 1490 869 1503 772 1503 755 1490 753 1490 752 1490 728 1490 726 1490 725 1490 701 1503 642 1490 641 1490 577 1500 566 1491 566 1490 564 1490 563 1490 537 1490 536 1490 534 1490 533 1490 521 1499 453 1496 452 1496 450 1496 449 1496 440 1501 440 1534"/></Shape>
	    <String CONTENT="professional questions about me. She"
                    HPOS="440.0"
                    VPOS="1490.0"
                    WIDTH="1037.0"
                    HEIGHT="63.0"
                    WC="0.9923629148138894"></String>
          </TextLine>
          <TextLine ID="line_14"
                    TAGREFS="LT52"
                    BASELINE="439 1609 1329 1612" 
                    HPOS="438.0"
                    VPOS="1568.0"
                    WIDTH="891.0"
                    HEIGHT="64.0">
            <Shape><Polygon POINTS="439 1609 438 1619 443 1625 445 1625 445 1627 446 1627 448 1627 449 1628 520 1628 520 1627 521 1627 543 1618 571 1627 573 1627 574 1627 628 1618 640 1625 641 1625 642 1625 644 1625 645 1625 647 1625 657 1618 698 1629 699 1629 701 1631 728 1631 728 1629 729 1629 731 1629 731 1628 742 1618 762 1629 763 1629 765 1631 805 1631 805 1629 806 1629 832 1618 884 1627 886 1627 921 1619 974 1631 975 1631 977 1631 1012 1622 1052 1627 1053 1627 1055 1627 1056 1627 1056 1625 1062 1621 1068 1627 1069 1627 1071 1627 1072 1627 1173 1619 1184 1629 1184 1631 1186 1631 1187 1631 1189 1632 1224 1632 1224 1631 1226 1631 1245 1619 1253 1627 1254 1627 1255 1627 1257 1627 1258 1627 1260 1627 1268 1619 1282 1627 1284 1627 1285 1627 1328 1618 1329 1612 1328 1584 1245 1570 1244 1570 1243 1570 1199 1581 1190 1582 1179 1581 1119 1570 1117 1570 1116 1570 1096 1580 1089 1582 1085 1580 1073 1570 1072 1570 1071 1570 1069 1570 1068 1570 1043 1578 1038 1580 1021 1578 987 1574 985 1574 960 1577 914 1582 900 1575 884 1568 883 1568 881 1568 880 1568 853 1575 834 1580 826 1574 824 1572 823 1572 822 1572 820 1572 805 1574 748 1581 739 1574 738 1574 736 1574 669 1572 668 1572 554 1581 540 1570 540 1568 539 1568 537 1568 536 1568 529 1570 476 1580 465 1570 465 1568 463 1568 462 1568 439 1568 439 1609"/></Shape>
	    <String CONTENT="had a very good report to give."
                    HPOS="438.0"
                    VPOS="1568.0"
                    WIDTH="891.0"
                    HEIGHT="64.0"
                    WC="0.9975047572966544"></String>
          </TextLine>
          <TextLine ID="line_15"
                    TAGREFS="LT52"
                    BASELINE="493 1691 1474 1693" 
                    HPOS="492.0"
                    VPOS="1644.0"
                    WIDTH="982.0"
                    HEIGHT="66.0">
            <Shape><Polygon POINTS="493 1691 492 1696 516 1708 517 1708 519 1709 591 1709 591 1708 593 1708 594 1708 605 1699 725 1708 726 1708 728 1708 729 1708 739 1699 800 1699 869 1709 870 1709 948 1699 957 1706 958 1706 960 1706 961 1706 991 1700 1002 1709 1002 1710 1004 1710 1005 1710 1006 1710 1076 1702 1133 1708 1135 1708 1136 1708 1137 1708 1147 1700 1217 1709 1218 1709 1383 1700 1396 1709 1398 1709 1399 1709 1400 1710 1456 1710 1456 1709 1457 1709 1459 1709 1473 1699 1474 1693 1473 1662 1443 1662 1443 1661 1426 1646 1426 1645 1425 1645 1423 1645 1422 1645 1420 1645 1382 1661 1341 1658 1328 1646 1328 1645 1327 1645 1325 1645 1324 1645 1322 1645 1297 1659 1281 1645 1280 1645 1278 1645 1277 1645 1275 1645 1234 1659 1191 1645 1190 1645 1189 1645 1187 1645 1157 1661 1142 1646 1142 1645 1140 1645 1139 1645 1122 1645 1120 1645 1119 1645 1117 1645 1100 1661 1039 1661 985 1661 984 1661 975 1654 974 1654 972 1654 971 1654 938 1659 924 1648 924 1646 923 1646 921 1646 920 1646 874 1656 849 1644 847 1644 846 1644 844 1644 806 1659 778 1644 776 1644 775 1644 773 1644 742 1652 732 1644 731 1644 729 1644 728 1644 726 1644 706 1651 689 1644 688 1644 686 1644 685 1644 655 1659 576 1659 557 1644 556 1644 554 1644 512 1644 510 1644 509 1644 507 1644 493 1655 493 1691"/></Shape>
	    <String CONTENT="She said I slept a good deal in the"
                    HPOS="492.0"
                    VPOS="1644.0"
                    WIDTH="982.0"
                    HEIGHT="66.0"
                    WC="0.9998881050518581"></String>
          </TextLine>
          <TextLine ID="line_16"
                    TAGREFS="LT52"
                    BASELINE="438 1772 675 1772" 
                    HPOS="438.0"
                    VPOS="1726.0"
                    WIDTH="237.0"
                    HEIGHT="66.0">
            <Shape><Polygon POINTS="438 1772 438 1780 494 1790 496 1792 524 1792 524 1790 526 1790 527 1790 527 1789 536 1782 675 1782 675 1772 675 1743 587 1737 573 1726 571 1726 570 1726 568 1726 502 1739 459 1726 457 1726 456 1726 455 1726 453 1726 438 1739 438 1772"/></Shape>
	    <String CONTENT="daytime."
                    HPOS="438.0"
                    VPOS="1726.0"
                    WIDTH="237.0"
                    HEIGHT="66.0"
                    WC="0.984055794775486"></String>
          </TextLine>
          <TextLine ID="line_17"
                    TAGREFS="LT52"
                    BASELINE="500 1853 1473 1856" 
                    HPOS="500.0"
                    VPOS="1804.0"
                    WIDTH="973.0"
                    HEIGHT="67.0">
            <Shape><Polygon POINTS="1472 1811 1432 1807 1430 1807 1429 1807 1428 1807 1423 1810 1405 1821 1126 1821 1088 1809 1085 1807 1083 1807 1082 1807 1080 1807 1079 1807 1079 1809 1059 1821 1034 1821 1012 1807 1011 1807 1009 1807 1008 1807 1006 1807 1004 1807 961 1819 918 1807 914 1806 913 1806 911 1806 910 1806 907 1807 886 1819 871 1807 871 1806 870 1806 869 1806 843 1806 842 1806 840 1806 839 1806 839 1807 824 1820 684 1820 649 1806 648 1806 647 1806 645 1806 644 1806 644 1807 630 1820 590 1820 576 1807 576 1806 574 1806 573 1806 571 1806 570 1806 540 1816 502 1804 500 1853 500 1868 620 1867 621 1867 622 1867 630 1860 648 1868 649 1868 651 1868 731 1870 732 1870 733 1870 735 1870 738 1867 746 1860 755 1867 756 1867 758 1867 759 1867 760 1867 762 1867 787 1860 847 1865 861 1867 863 1867 870 1865 894 1860 901 1865 903 1867 904 1867 906 1867 991 1868 992 1868 994 1868 995 1868 1001 1864 1006 1861 1014 1864 1024 1868 1025 1868 1026 1868 1028 1868 1041 1864 1051 1861 1056 1864 1068 1870 1069 1870 1071 1870 1129 1864 1146 1871 1147 1871 1149 1871 1231 1863 1248 1861 1261 1863 1325 1871 1327 1871 1328 1871 1329 1871 1329 1870 1339 1861 1341 1861 1398 1861 1399 1861 1412 1870 1413 1870 1415 1870 1416 1870 1472 1860 1473 1856 1472 1811"/></Shape>
	    <String CONTENT="John knows I don’t sleep very well"
                    HPOS="500.0"
                    VPOS="1804.0"
                    WIDTH="973.0"
                    HEIGHT="67.0"
                    WC="0.9882979743620929"></String>
          </TextLine>
          <TextLine ID="line_18"
                    TAGREFS="LT52"
                    BASELINE="436 1928 1267 1934" 
                    HPOS="435.0"
                    VPOS="1884.0"
                    WIDTH="832.0"
                    HEIGHT="70.0">
            <Shape><Polygon POINTS="436 1928 435 1938 442 1945 442 1947 443 1947 445 1947 446 1947 507 1937 520 1947 520 1948 521 1948 523 1948 524 1948 631 1944 641 1951 642 1951 644 1951 645 1952 664 1952 664 1951 665 1951 667 1951 667 1949 679 1938 728 1951 729 1951 731 1951 732 1951 769 1938 851 1948 853 1948 854 1948 856 1948 869 1939 893 1948 894 1948 896 1948 897 1948 923 1939 937 1949 938 1949 940 1949 941 1949 984 1939 1015 1948 1016 1948 1018 1948 1085 1941 1098 1952 1098 1954 1099 1954 1100 1954 1102 1954 1265 1939 1267 1934 1267 1894 1238 1888 1237 1888 1235 1888 1234 1888 1234 1890 1230 1894 1224 1898 1217 1894 1213 1890 1211 1890 1210 1890 1208 1890 1207 1890 1206 1890 1201 1894 1196 1898 1180 1894 1160 1888 1159 1888 1157 1888 1156 1888 1154 1888 1146 1894 1137 1900 1106 1897 1105 1897 1103 1897 1102 1897 1093 1904 1052 1895 1051 1895 1049 1895 981 1902 958 1895 933 1887 931 1887 893 1887 891 1887 890 1887 888 1887 888 1888 880 1895 877 1900 873 1895 864 1888 864 1887 863 1887 861 1887 827 1885 826 1885 824 1885 823 1885 806 1897 796 1902 745 1902 739 1897 728 1887 728 1885 726 1885 725 1885 708 1885 706 1885 705 1885 704 1885 704 1887 692 1897 688 1902 659 1902 657 1897 647 1888 647 1887 645 1887 644 1887 642 1887 641 1887 640 1887 630 1895 618 1885 618 1884 617 1884 615 1884 614 1884 613 1884 577 1894 556 1884 554 1884 553 1884 551 1884 521 1898 519 1901 494 1901 493 1898 482 1888 482 1887 480 1887 479 1887 477 1887 476 1887 475 1887 475 1888 465 1898 436 1898 436 1928"/></Shape>
	    <String CONTENT="at night, for all l’m so quiet!"
                    HPOS="435.0"
                    VPOS="1884.0"
                    WIDTH="832.0"
                    HEIGHT="70.0"
                    WC="0.9986541136618583"></String>
          </TextLine>
          <TextLine ID="line_19"
                    TAGREFS="LT52"
                    BASELINE="500 2009 1469 2016" 
                    HPOS="499.0"
                    VPOS="1965.0"
                    WIDTH="970.0"
                    HEIGHT="68.0">
            <Shape><Polygon POINTS="500 2009 499 2020 699 2029 701 2029 736 2025 756 2022 881 2022 887 2026 890 2029 891 2029 893 2029 894 2029 954 2028 1063 2023 1083 2029 1089 2030 1090 2030 1092 2030 1120 2029 1207 2025 1214 2030 1216 2032 1217 2032 1218 2032 1220 2032 1254 2032 1395 2026 1466 2033 1469 2016 1469 1984 1447 1976 1446 1976 1445 1976 1396 1982 1371 1971 1369 1971 1368 1971 1315 1981 1308 1984 1213 1984 1208 1979 1199 1971 1199 1969 1197 1969 1196 1969 1194 1969 1154 1978 1135 1982 1086 1981 1083 1976 1076 1971 1076 1969 1075 1969 1073 1969 1072 1969 1071 1969 1051 1976 1038 1981 968 1981 960 1974 954 1969 954 1968 952 1968 951 1968 915 1968 914 1968 913 1968 903 1972 887 1981 766 1981 755 1969 752 1968 752 1966 750 1966 749 1966 748 1966 746 1966 739 1969 714 1979 682 1968 672 1965 671 1965 669 1965 668 1965 659 1968 631 1979 583 1979 560 1965 558 1965 557 1965 500 1965 500 2009"/></Shape>
	    <String CONTENT="He asked me all sorts of questions,"
                    HPOS="499.0"
                    VPOS="1965.0"
                    WIDTH="970.0"
                    HEIGHT="68.0"
                    WC="0.9857613904135568"></String>
          </TextLine>
        </TextBlock>
        <TextBlock HPOS="921"
                   VPOS="2053"
                   WIDTH="75"
                   HEIGHT="47"
                   ID="eSc_textblock_1fe53f2a"
                   TAGREFS="BT15">
          <Shape><Polygon POINTS="921 2053 921 2100 996 2100 996 2053"/></Shape>
          <TextLine ID="eSc_line_808a7bfe"
                    TAGREFS="LT52"
                    BASELINE="916 2096 1018 2091" 
                    HPOS="911"
                    VPOS="2030"
                    WIDTH="105"
                    HEIGHT="69">
            <Shape><Polygon POINTS="915 2094 915 2099 1014 2097 1016 2090 1012 2048 969 2030 967 2030 965 2030 962 2030 911 2050 915 2094"/></Shape>
	    <String CONTENT="46"
                    HPOS="911"
                    VPOS="2030"
                    WIDTH="105"
                    HEIGHT="69"
                    WC="0.9930965900421143"></String>
          </TextLine>
        </TextBlock>
        <TextBlock HPOS="469"
                   VPOS="357"
                   WIDTH="1017"
                   HEIGHT="127"
                   ID="eSc_textblock_0976eb53"
                   TAGREFS="BT18">
          <Shape><Polygon POINTS="469 357 469 484 1486 484 1486 357"/></Shape>
        </TextBlock>
      </PrintSpace>
    </Page>
  </Layout>
</alto>
