1785 2560
473 382 1006 67 THE YELLOW WALL PAPER

503 499 983 62 I THINK that woman gets out in the

448 574 253 67 daytime!

503 657 980 68 And I’Il tell you why — privately—

448 738 384 62 I've seen her!

500 822 979 61 I can see her out of every one of my

450 900 282 61 windows !

500 979 986 56 It is the same woman, I know, for she

446 1062 1040 62 is always creeping, and most women do

446 1142 586 66 not creep by daylight.

502 1220 982 61 I see her in that long shaded lane,

442 1301 1040 64 creeping up and down. I see her in

442 1380 1042 67 those dark grape arbors, creeping all

443 1462 525 62 around the garden.

500 1543 977 61 I see her on that long road under the

440 1622 1040 64 trees, creeping along, and when a car¬

439 1700 1044 63 riage comes she hides under the black¬

443 1786 323 58 berry vines.

499 1858 987 64 I don’t blame her a bit. It must be

442 1942 1034 67 very humiliating to be caught creeping

442 2018 340 74 by daylight!

939 2112 60 53 44
