1785 2560
466 368 1008 62 THE YELLOW WALL PAPER

442 487 1035 63 and bulbous eyes and waddling fungus

448 566 930 64 growths just shriek with derision!

499 648 980 64 I am getting angry enough to do some¬

440 726 1042 67 thing desperate. To jump out of the

446 804 1036 63 window would be admirable exercise,

445 891 1021 60 but the bars are too strong even to try.

500 965 983 64 Besides, I wouldn’t do it. Of course

439 1048 1041 61 not. I know well enough that a step

440 1126 1040 65 like that is improper and might be mis¬

440 1210 286 51 construed.

496 1282 987 64 I don’t like to look out of the win¬

439 1369 1043 58 dows even — there are so many of those

440 1452 1042 61 creeping women, and they creep so

440 1527 121 54 fast.

494 1605 992 64 I wonder if they all come out of that

445 1685 553 67 wall paper, as I did?

455 1766 1014 64 But I am securely fastened now by

440 1848 1044 66 my well-hidden rope–you don't get

440 1927 719 61 me out in the road there!

941 2003 53 68 52
