1785 2560
462 342 1011 71 THE YELLOW WALL PAPER

494 462 976 62 I REALLY have discovered something

438 543 190 54 at last.

496 622 983 66 Through watching so much at night,

439 702 1041 63 when it changes so, I have finally found

433 786 121 57 out.

493 861 986 63 The front pattern does move–and

430 941 1044 55 no wonder! The woman behind shakes

439 1021 75 57 it!

487 1103 989 61 Sometimes I think there are a great

429 1186 1044 58 many women behind, and sometimes

428 1265 1042 61 only one, and she crawls around fast,

428 1344 1001 61 and her crawling shakes it all over.

489 1425 980 64 Then in the very bright spots she

426 1506 1041 64 keeps still, and in the very shady spots

423 1582 1046 64 she just takes hold of the bars and

425 1664 515 59 shakes them hard.

480 1743 984 64 And she is all the time trying to

422 1824 1047 64 climb through. But nobody could

422 1905 1040 79 climb through that pattern–it strangles

924 1986 47 56 42
