1785 2560
739 368 195 72 THE

320 443 1035 84 YELLOW WALL PAPER

386 568 962 59 IT is very seldom that mere ordinary

312 648 1037 68 people like John and myself secure

308 732 824 54 ancestral halls for the summer.

364 810 980 63 A colonial mansion, a hereditary

307 893 1041 62 estate, I would say a haunted house,

305 971 1043 62 and reach the height of romantic

307 1052 1035 64 felicity, — but that would be asking

308 1132 505 61 too much of fate!

364 1208 985 67 Still I will proudly declare that there

308 1295 744 63 is something queer about it.

361 1368 981 65 Else, why should it be let so cheap¬

310 1450 1035 64 ly? And why have stood so long un¬

310 1533 268 52 tenanted?

364 1609 985 67 John laughs at me, of course, but

305 1693 820 60 one expects that in marriage.

365 1770 981 64 John is practical in the extreme.

307 1848 1038 66 He has no patience with faith, an in¬

308 1932 1037 60 tense horror of superstition, and he

813 2018 38 40 1
