1785 2560
317 384 1002 71 THE YELLOW WALL PAPER

343 497 985 72 "I don’t weigh a bit more," said I,

298 586 1027 66 " nor as much; and my appetite may

291 665 1041 61 be better in the evening, when you

291 745 1041 61 are here, but it is worse in the morn¬

296 823 745 68 ing, when you are away."

348 893 982 75 "Bless her little heart!" said he

294 984 1040 64 with a big hug; “she shall be as sick as

291 1066 1044 60 she pleases. But now let's improve

291 1146 1040 65 the shining hours by going to sleep,

290 1222 980 66 and talk about it in the morning."

358 1303 980 68 " And you won’t go away?" I asked

298 1383 256 70 gloomily.

362 1454 972 75 " Why, how can I, dear? It is only

295 1545 1043 60 thrée weeks more and then we will

297 1624 1041 62 take a nice little trip of a few days

302 1706 1039 63 while Jennie is getting the house

296 1779 1055 72 ready. Really, dear, you are better!"

362 1858 976 74 " Better in body, perhaps"—I be¬

305 1947 1033 68 gan, and stopped short, for he sat up

792 2024 85 75 31
