1785 2560
329 371 1007 69 THE YELLOW WALL PAPER

310 489 1036 62 while to turn my hand over for any¬

305 567 1044 68 thing, and I’m getting dreadfully fretful

305 652 407 60 and querulous.

362 732 979 64 I cry at nothing, and cry most of

302 810 262 61 the time.

357 887 982 65 Of course I don’t when John is

301 969 1041 66 here, or anybody else, but when I

302 1052 281 57 am alone.

355 1127 987 66 And I am alone a good deal just now.

305 1210 1024 65 John is kept in town very often by

301 1289 1044 64 serious cases, and Jennie is good and

304 1372 973 51 lets me alone when I want her to.

358 1447 984 66 So I walk a little in the garden or

301 1533 1044 59 down that lovely lane, sit on the

302 1609 1043 64 porch under the roses, and lie down

305 1691 589 64 up here a good deal.

359 1769 987 65 l’m getting really fond of the room

301 1850 1041 65 in spite of the wall paper. Perhaps

301 1931 725 64 because of the wall paper.

799 2011 50 51 21
