1785 2560
469 365 1004 73 THE YELLOW WALL PAPER

502 486 749 64 Now he’s crying for an axe.

499 564 984 61 It would be a shame to break down

445 644 550 64 that beautiful door!

501 716 985 79 " John, dear!" said I in the gentlest

445 806 1041 64 voice, “the key is down by the front

441 878 852 77 steps, under a plantain leaf!"

507 967 977 62 That silenced him for a few mo¬

448 1055 184 48 ments.

502 1124 982 66 Then he said — very quietly indeed,

452 1198 824 77 "Open the door, my darling!"

495 1277 986 67 "I can't,” said I. “The key is down

446 1368 1038 64 by the front door, under a plantain

448 1437 190 67 leaf!"

500 1526 983 64 And then I said it again, several

445 1609 1041 66 times, very gently and slowly, and said

443 1688 1040 58 it so often that he had to go and see,

445 1769 1039 62 and he got it, of course, and came in.

448 1847 851 65 He stopped short by the door.

508 1920 978 68 "What is the matter?" he cried.

939 2003 64 70 54
