1785 2560
443 378 1009 71 THE YELLOW WALL PAPER

419 496 1038 67 pains to control myself, — before him,

416 578 1044 62 at least, and that makes me very tired.

470 655 985 63 I don’t like our room a bit. I

416 738 1044 61 wanted one downstairs that opened

413 819 1046 59 on the piazza and had roses all over

415 896 1038 65 the window, and such pretty, old-fash¬

415 975 1045 67 ioned chintz hangings! but John would

415 1058 399 55 not hear of it.

473 1136 982 62 He said there was only one window

413 1220 1044 60 and not room for two beds, and no near

415 1299 866 54 room for him if he took another.

470 1376 987 67 He is very careful and loving, and

412 1456 1044 67 hardly lets me stir without special

411 1537 267 55 direction.

467 1617 988 64 I have a schedule prescription for

409 1698 1044 64 each hour in the day; he takes all care

409 1779 1044 64 from me, and so I feel basely ungrate¬

412 1860 640 52 ful not to value it more.

473 1937 974 65 He said we came here solely on my

905 2016 57 44 6
