1785 2560
490 366 1013 72 THE YELLOW WALL PAPER

466 492 1047 55 talk with him the other day, and tell

466 564 1043 63 him how I wished he would let me go

467 659 1046 50 and make a visit to Cousin Henry and

472 721 149 71 Julia.

526 803 983 64 But he said I wasn’t able to go, nor

467 886 1043 61 able to stand it after I got there; and I

466 967 1041 61 did not make out a very good case for

469 1045 1044 65 myself, for I was crying before I had

470 1123 238 58 finished.

527 1206 983 65 It is getting to be a great effort for

467 1285 1042 64 me to think straight. Just this nervous

473 1368 559 61 weakness, I suppose.

526 1446 983 62 And dear John gathered me up in

467 1527 1042 61 his arms, and just carried me upstairs

467 1605 1036 63 and laid me on the bed, and sat by

467 1686 1037 63 me and read to me till he tired my

470 1764 161 57 head.

527 1841 980 69 He said I was his darling and his

467 1924 1044 62 comfort and all he had, and that I must

955 1993 64 57 26
