1785 2560
439 364 1008 62 THE YELLOW WALL PAPER

413 482 1042 59 not bad. Now we have had a week of

418 561 1041 64 fog and rain, and whether the windows

416 642 879 60 are open or not the smell is here.

472 719 746 63 It creeps all over the house.

472 800 985 66 I find it hovering in the dining-room,

416 880 1043 67 skulking in the parlor, hiding in the

415 961 1042 64 hall, lying in wait for me on the

415 1042 169 54 stairs.

475 1119 537 65 It gets into my hair.

473 1198 983 66 Even when I go to ride, if I turn

413 1281 1040 64 my head suddenly and surprise it—

413 1361 544 54 there is that smell!

469 1439 983 67 Such a peculiar odor, too! I have

412 1521 1043 67 spent hours in trying to analyze it, to

412 1598 713 64 find what it smelled like.

467 1681 980 62 It is not bad — at first, and very

413 1762 1039 66 gentle, but quite the subtlest, most en¬

411 1844 667 63 during odor I ever met.

469 1920 980 66 In this damp weather it is awful. I

894 1998 68 56 40
