1785 2560
436 345 1007 71 THE YELLOW WALL PAPER

412 466 1044 61 as I can reach, and in a great place on

412 544 1045 54 the other side of the room low down.

403 618 1057 75 I never saw a worse paper in my life.

470 704 990 64 One of those sprawling flamboyant

415 786 1042 64 patterns committing every artistic sin.

467 864 992 63 It is dull enough to confuse the eye

415 945 1041 64 in following, pronounced enough to

412 1024 1043 64 constantly irritate, and provoke study,

412 1103 1044 63 and when you follow the lame, uncer¬

413 1184 1042 63 tain curves for a little distance they

415 1262 1040 67 suddenly commit suicide — plunge off

413 1346 1043 63 at outrageous angles, destroy them¬

416 1426 966 54 selves in unheard-of contradictions.

475 1503 980 64 The color is repellant, almost re¬

415 1584 1041 68 volting; a smouldering, unclean yellow,

413 1665 1032 65 strangely faded by the slow-turning

415 1742 239 67 sunlight.

470 1823 987 67 It is a dull yet lurid orange in some

419 1905 997 64 places, a sickly sulphur tint in others.

918 1966 55 69 8
