2550 3300
286 302 1922 63 had been treated by Hippolita like a daughter, and who returned that tenderness with

288 365 1874 66 equal duty and affection, was scarce less assiduous about the Princess; at the same

288 431 1934 64 time endeavouring to partake and lessen the weight of sorrow which she saw Matilda

291 489 1678 72 strove to suppress, for whom she had conceived the warmest sympathy of

291 561 1961 63 friendship. Yet her own situation could not help finding its place in her thoughts. She

291 627 1959 63 felt no concern for the death of young Conrad, except commiseration; and she was not

294 693 1862 60 sorry to be delivered from a marriage which had promised her little felicity, either

288 753 1945 63 from her destined bridegroom, or from the severe temper of Manfred, who, though he

291 814 1906 71 had distinguished her by great indulgence, had imprinted her mind with terror, from

288 882 1656 66 his causeless rigour to such amiable princesses as Hippolita and Matilda.

294 979 1912 71 While the ladies were conveying the wretched mother to her bed, Manfred remained

288 1050 1868 66 in the court, gazing on the ominous casque, and regardless of the crowd which the

294 1119 1733 60 strangeness of the event had now assembled around him. The few words he

288 1168 1898 77 articulated, tended solely to inquiries, whether any man knew from whence it could

288 1237 1931 69 have come? Nobody could give him the least information. However, as it seemed to

288 1309 1824 66 be the sole object of his curiosity, it soon became so to the rest of the spectators,

291 1372 1805 63 whose conjectures were as absurd and improbable, as the catastrophe itself was

294 1441 1802 63 unprecedented. In the midst of their senseless guesses, a young peasant, whom

291 1507 1915 60 rumour had drawn thither from a neighbouring village, observed that the miraculous

288 1559 1962 77 helmet was exactly like that on the figure in black marble of Alfonso the Good, one of

288 1622 1150 74 their former princes, in the church of St. Nicholas.

299 1721 1912 77 "Villain! What sayest thou?" cried Manfred, starting from his trance in a tempest of

291 1801 1695 63 rage, and seizing the young man by the collar; "how darest thou utter such

286 1864 800 61 treason? Thy life shall pay for it."

294 1958 1876 74 The spectators, who as little comprehended the cause of the Prince’s fury as all the

288 2029 1794 63 rest they had seen, were at a loss to unravel this new circumstance. The young

288 2095 1885 72 peasant himself was still more astonished, not conceiving how he had offended the

288 2158 1948 64 Prince. Yet recollecting himself, with a mixture of grace and humility, he disengaged

288 2224 1860 66 himself from Manfred’s grip, and then with an obeisance, which discovered more

288 2293 1695 66 jealousy of innocence than dismay, he asked, with respect, of what he was

291 2354 1912 74 guilty? Manfred, more enraged at the vigour, however decently exerted, with which

288 2417 1931 69 the young man had shaken off his hold, than appeased by his submission, ordered his

288 2483 1926 63 attendants to seize him, and, if he had not been withheld by his friends whom he had

291 2546 1640 66 invited to the nuptials, would have poignarded the peasant in their arms.

288 2642 1843 69 During this altercation, some of the vulgar spectators had run to the great church,

294 2717 1912 63 which stood near the castle, and came back open-mouthed, declaring that the helmet

294 2829 1854 20 was missing from Alfonso's statue. Manfred, at this news, grew perfectly frantic;

148 2912 988 55 Source URL: http://www.gutenberg.org/files/696/696-h/696-h.htm

132 2950 819 58 Saylor URL: http://www.saylor.org/courses/engl101/

151 3085 646 72 This work is in the public domain.

2178 3049 245 53 Saylor.org

2159 3088 258 69 Page 8 of 87
