2550 3300
291 299 1948 66 Manfred, Prince of Otranto, had one son and one daughter the latter, a most beautiful

308 368 1947 61 virgin, aged eighteen, was called Matilda. Conrad, the son, was three years younger, a

288 429 1901 68 homely youth, sickly, and of no promising disposition; yet he was the darling of his

291 497 1796 64 father, who never showed any symptoms of affection to Matilda. Manfred had

288 558 1882 69 contracted a marriage for his son with the Marquis of Vicenza’s daughter, Isabella;

288 624 1907 66 and she had already been delivered by her guardians into the hands of Manfred, that

288 684 1832 66 he might celebrate the wedding as soon as Conrad’s infirm state of health would

288 756 182 69 permit.

294 847 1683 74 Manfred’s impatience for this ceremonial was remarked by his family and

288 921 1731 66 neighbours. The former, indeed, apprehending the severity of their Prince's

288 990 1885 60 disposition, did not dare to utter their surmises on this precipitation. Hippolita, his

291 1050 1964 63 wife, an amiable lady, did sometimes venture to represent the danger of marrying their

291 1119 1901 60 only son so early, considering his great youth, and greater infirmities; but she never

288 1179 1887 66 received any other answer than reflections on her own sterility, who had given him

291 1240 1876 69 but one heir. His tenants and subjects were less cautious in their discourses. They

294 1311 1931 64 attributed this hasty wedding to the Prince’s dread of seeing accomplished an ancient

294 1377 1917 66 prophecy, which was said to have pronounced that the castle and lordship of Otranto

305 1432 1890 72 "should pass from the present family, whenever the real owner should be grown too

288 1504 1915 63 large to inhabit it." It was difficult to make any sense of this prophecy, and still less

291 1570 1950 63 easy to conceive what it had to do with the marriage in question. Yet these mysteries,

291 1636 1736 60 or contradictions, did not make the populace adhere the less to their opinion.

297 1724 1911 77 Young Conrad’s birthday was fixed for his espousals. The company was assembled

291 1795 1956 69 in the chapel of the Castle, and everything ready for beginning the divine office, when

286 1853 1939 74 Conrad himself was missing. Manfred, impatient of the least delay, and who had not

288 1925 1786 68 observed his son retire, despatched one of his attendants to summon the young

288 1993 1857 64 Prince. The servant, who had not stayed long enough to have crossed the court to

291 2059 1818 64 Conrad’s apartment, came running back breathless, in a frantic manner, his eyes

291 2123 1741 66 staring, and foaming at the mouth. He said nothing, but pointed to the court.

291 2219 1788 71 The company were struck with terror and amazement. The Princess Hippolita,

294 2293 1639 63 without knowing what was the matter, but anxious for her son, swooned

288 2354 1931 68 away. Manfred, less apprehensive than enraged at the procrastination of the nuptials,

288 2409 1918 74 and at the folly of his domestic, asked imperiously what was the matter? The fellow

291 2486 1816 63 made no answer, but continued pointing towards the courtyard; and at last, after

288 2535 1596 80 repeated questions put to him, cried out, "Oh! the helmet! the helmet!"

291 2645 1956 66 In the meantime, some of the company had run into the court, from whence was heard

291 2717 1928 63 a confused noise of shrieks, horror, and surprise. Manfred, who began to be alarmed

288 2769 1934 80 at not seeing his son, went himself to get information of what occasioned this strange

148 2906 982 61 Source URL: http://www.gutenberg.org/files/696/696-h/696-h.htm

156 2961 787 44 Saylor URL: http://www.saylor.org/courses/engl101/

151 3093 621 66 This work is in the public domain.

2189 3049 239 50 Saylor.org

2142 3099 278 52 Page 6 of 87
