2550 3300
294 305 1857 60 who wanted no affectionate duty to Manfred, though she trembled at his austerity,

288 365 1854 66 obeyed the orders of Hippolita, whom she tenderly recommended to Isabella; and

288 431 1824 66 inquiring of the domestics for her father, was informed that he was retired to his

288 495 1596 66 chamber, and had commanded that nobody should have admittance to

288 558 1871 66 him. Concluding that he was immersed in sorrow for the death of her brother, and

291 627 1796 63 fearing to renew his tears by the sight of his sole remaining child, she hesitated

291 684 1926 66 whether she should break in upon his affliction; yet solicitude for him, backed by the

288 756 1865 66 commands of her mother, encouraged her to venture disobeying the orders he had

288 816 1134 75 given; a fault she had never been guilty of before.

291 915 1898 72 The gentle timidity of her nature made her pause for some minutes at his door. She

288 979 1854 68 heard him traverse his chamber backwards, and forwards with disordered steps; a

291 1053 1802 63 mood which increased her apprehensions. She was, however, just going to beg

291 1119 1849 60 admittance, when Manfred suddenly opened the door; and as it was now twilight,

288 1177 1931 68 concurring with the disorder of his mind, he did not distinguish the person, but asked

291 1248 1133 61 angrily, who it was? Matilda replied, trembling–

299 1339 952 69 "My dearest father, it is l, your daughter."

291 1443 1813 72 Manfred, stepping back hastily, cried, "Begone! I do not want a daughter;" and

291 1512 1574 66 flinging back abruptly, clapped the door against the terrified Matilda.

288 1614 1777 66 She was too well acquainted with her father’s impetuosity to venture a second

291 1677 1824 69 intrusion. When she had a little recovered the shock of so bitter a reception, she

291 1743 1868 63 wiped away her tears to prevent the additional stab that the knowledge of it would

291 1806 1829 77 give to Hippolita, who questioned her in the most anxious terms on the health of

291 1870 1906 68 Manfred, and how he bore his loss. Matilda assured her he was well, and supported

286 1938 833 66 his misfortune with manly fortitude.

305 2029 1950 77 “But will he not let me see him?” said Hippolita mournfully; “will he not permit me to

288 2101 1909 68 blend my tears with his, and shed a mother's sorrows in the bosom of her Lord? Or

286 2169 1947 64 do you deceive me, Matilda? I Know how Manfred doted on his son: is not the stroke

288 2230 1896 71 too heavy for him? has he not sunk under it? You do not answer me–alas! I dread

288 2299 1799 63 the worst!–Raise me, my maidens; I will, I will see my Lord. Bear me to him

288 2367 1219 61 instantly: he is dearer to me even than my children."

288 2461 1871 71 Matilda made signs to Isabella to prevent Hippolita's rising; and both those lovely

288 2530 1931 71 young women were using their gentle violence to stop and calm the Princess, when a

291 2596 1895 66 servant, on the part of Manfred, arrived and told Isabella that his Lord demanded to

291 2659 360 63 speak with her.

299 2752 595 72 "With me!" cried Isabella.

156 2904 971 60 Source URL: http://www.gutenberg.org/files/696/696-h/696-h.htm

134 2950 809 55 Saylor URL: http://www.saylor.org/courses/engl101/

140 3088 660 71 This work is in the public domain.

2197 3060 226 42 Saylor.org

2134 3096 286 61 Page 10 of 87
