2550 3300
291 305 1838 60 and, as if he sought a subject on which to vent the tempest within him, he rushed

288 368 845 63 again on the young peasant, crying–

305 456 1859 80 "Villain! Monster! Sorcerer! ’tis thou hast done this! ’tis thou hast slain my son!"

294 561 1942 74 The mob, who wanted some object within the scope of their capacities, on whom they

291 638 1945 63 might discharge their bewildered reasoning, caught the words from the mouth of their

291 695 495 69 lord, and re-echoed–

299 789 1821 74 "Ay, ay; 'tis he, ’tis he: he has stolen the helmet from good Alfonso's tomb, and

291 869 1950 63 dashed out the brains of our young Prince with it," never reflecting how enormous the

288 929 1940 66 disproportion was between the marble helmet that had been in the church, and that of

291 995 1959 63 steel before their eyes; nor how impossible it was for a youth seemingly not twenty, to

294 1064 1150 63 wield a piece of armour of so prodigious a weight.

291 1157 1915 72 The folly of these ejaculations brought Manfred to himself: yet whether provoked at

288 1223 1896 66 the peasant having observed the resemblance between the two helmets, and thereby

288 1289 1956 69 led to the farther discovery of the absence of that in the church, or wishing to bury any

294 1361 1818 60 such rumour under so impertinent a supposition, he gravely pronounced that the

291 1424 1719 66 young man was certainly a necromancer, and that till the Church could take

291 1487 1906 64 cognisance of the affair, he would have the Magician, whom they had thus detected,

291 1545 1862 72 kept prisoner under the helmet itself, which he ordered his attendants to raise, and

288 1617 1882 71 place the young man under it; declaring he should be kept there without food, with

291 1680 1043 66 which his own infernal art might furnish him.

288 1779 1953 69 It was in vain for the youth to represent against this preposterous sentence: in vain did

294 1848 1749 63 Manfred’s friends endeavour to divert him from this savage and ill-grounded

291 1914 1879 63 resolution. The generality were charmed with their lord’s decision, which, to their

288 1974 1970 66 apprehensions, carried great appearance of justice, as the Magician was to be punished

291 2037 1857 69 by the very instrument with which he had offended: nor were they struck with the

288 2103 1794 69 least compunction at the probability of the youth being starved, for they firmly

288 2158 1849 77 believed that, by his diabolic skill, he could easily supply himself with nutriment.

288 2271 1959 63 Manfred thus saw his commands even cheerfully obeved; and appointing a guard with

288 2337 1849 63 strict orders to prevent any food being conveyed to the prisoner, he dismissed his

291 2406 1909 63 friends and attendants, and retired to his own chamber, after locking the gates of the

288 2466 1406 66 castle, in which he suffered none but his domestics to remain.

288 2565 1821 69 In the meantime, the care and zeal of the young Ladies had brought the Princess

291 2629 1736 68 Hippolita to herself, who amidst the transports of her own sorrow frequently

288 2697 1915 69 demanded news of her lord, would have dismissed her attendants to watch over him,

288 2750 1890 85 and at last enjoined Matilda to leave her, and visit and comfort her father. Matilda,

156 2901 974 63 Source URL: http://www.gutenberg.org/files/696/696-h/696-h.htm

156 2953 801 50 Saylor URL: http://www.saylor.org/courses/engl101/

137 3093 649 64 This work is in the public domain.

2197 3047 220 57 Saylor.org

2153 3096 256 58 Page 9 of 87
