1650 2550
201 144 64 60 84

318 297 1127 57 "And if I am myself, you mean? That’s charming news

204 365 1244 49 to be sent him by a governess whose prime undertaking was

201 425 470 44 to give him no worry."

295 469 1148 58 Mrs. Grose considered, following the children again.

206 527 1088 55 "Yes, he do hate worry. That was the great reason–"

308 582 1135 59 "Why those fiends took him in so long? No doubt,

201 652 1247 49 though his indifference must have been awful. As l’m not a

199 699 879 59 fiend, at any rate, I shouldn’t take him in."

301 762 1144 54 My companion, after an instant and for all answer, sat

201 816 1244 59 down again and grasped my arm. “Make him at any rate

197 875 306 51 come to you."

297 926 1146 60 I stared. “To me?" I had a sudden fear of what she

197 983 417 58 might do. “'Him'?"

310 1041 840 57 "He ought to be here–he ought to help."

304 1100 1146 60 I quickly rose, and I think I must have shown her a

201 1170 1249 47 queerer face than ever yet. "You see me asking him for a

201 1221 1244 51 visit?" No, with her eyes on my face she evidently couldn’t.

199 1281 1246 53 Instead of it even–as a woman reads another–she could see

204 1340 1244 51 what I myself saw: his derision, his amusement, his contempt

199 1396 1249 51 for the break-down of my resignation at being left alone and

199 1442 1246 62 for the fine machinery I had set in motion to attract his

199 1502 1249 62 attention to my slighted charms. She didn’t know–no one

201 1566 1247 55 knew–how proud I had been to serve him and to stick to our

204 1629 1244 51 terms; yet she none the less took the measure, I think, of the

201 1683 1244 53 warning I now gave her. “If you should so lose your head as

210 1736 553 55 to appeal to him for me–"

299 1797 819 49 She was really frightened. “Yes, Miss?"

314 1846 955 66 "I would leave, on the spot, both him and you."

484 144 683 57 THE TURN OF THE SCREW
