1650 2550
199 150 68 51 86

484 146 674 64 THE TURN OF THE SCREW

199 303 1246 51 have sworn that one of them had, with a small invisible

199 348 1242 66 nudge, said to the other: “She thinks she’Il do it this time–

201 416 1247 53 but she won't" To “do it" would have been to indulge for

201 476 1247 53 instance–and for once in a way–in some direct reference to

199 524 1249 62 the lady who had prepared them for my discipline. They had

199 590 1242 53 a delightful endless appetite for passages in my own history,

199 648 1246 49 to which I had again and again treated them; they were in

201 709 1249 56 possession of everything that had ever happened to me, had

199 754 1246 59 had, with every circumstance, the story of my smallest

201 824 1244 51 adventures and of those of my brothers and sisters and of the

199 871 1246 59 cat and the dog at home, as well as many particulars of the

199 928 1249 58 eccentric nature of my father, of the furniture and

201 994 1247 53 arrangement of our house, and of the conversation of the old

206 1054 1239 51 women of our village. There were things enough, taking one

204 1109 1241 51 with another, to chatter about, if one went very fast and knew

204 1156 1244 63 by instinct when to go round. They pulled with an art of their

201 1217 1247 58 own the strings of my invention and my memory; and

199 1272 1246 62 nothing else perhaps, when I thought of such occasions

201 1343 1247 48 afterwards, gave me so the suspicion of being watched from

204 1400 1241 49 under cover. It was in any case over my life, my past, and my

199 1453 1249 49 friends alone that we could take anything like our ease–a

199 1504 1246 60 state of affairs that led them sometimes without the least

204 1559 1241 68 pertinence to break out into sociable reminders. I was

199 1619 1244 59 invited–with no visible connection–to repeat afresh Goody

199 1672 1244 64 Gosling’s celebrated mot or to confirm the details already

204 1744 1012 51 supplied as to the cleverness of the vicarage pony.

304 1793 1144 57 It was partly at such junctures as these and partly at

204 1848 1241 62 quite different ones that, with the turn my matters had now

204 1906 1244 59 taken, my predicament, as I have called it, grew most

204 1961 1244 62 sensible. The fact that the days passed for me without

204 2033 1244 47 another encounter ought, it would have appeared, to have

204 2086 1244 51 done something toward soothing my nerves. Since the light

204 2135 1241 66 brush, that second night on the upper landing, of the
