1785 2560
469 360 1014 73 THE YELLOW WALL PAPER

504 489 980 57 He seems very queer sometimes,

446 566 1041 62 and even Jennie has an inexplicable

445 641 150 57 look.

499 723 987 64 It strikes me occasionally, just as a

445 803 1038 70 scientific hypothesis, that perhaps it is

448 886 291 64 the paper!

504 961 983 67 I have watched John when he did

446 1045 1043 62 not know I was looking, and come into

448 1124 1039 63 the room suddenly on the most inno¬

448 1206 1044 62 cent excuses, and l’ve caught him

449 1284 1043 67 several times looking at the paper!

449 1365 1043 65 And Jennie too. I caught Jennie with

450 1447 539 60 her hand on it once.

507 1526 985 59 She didn’t know I was in the room,

450 1608 1037 63 and when I asked her in a quiet, a very

450 1688 1043 61 quiet voice, with the most restrained

450 1767 1032 63 manner possible, what she was doing

455 1848 1032 62 with the paper she turned around as

453 1925 1039 68 if she had been caught stealing, and

935 2013 85 54 36
