2550 3300
456 299 1648 58 now talk again and again of the woods and the valleys and the mountains, to avoid the

464 352 589 60 danger of sympathy and silence.

594 396 1493 66 From Beaujeu the road had constantly ascended, conducting the travellers into

462 453 1620 61 the higher regions of the air, where immense glaciers exhibited their frozen horrors,

462 508 1625 58 and eternal snow whitened the summits of the mountains. They often paused to

464 563 1623 58 contemplate these stupendous scenes, and, seated on some wild cliff, where only the

462 613 1625 60 ilex or the larch could flourish, looked over dark forests of fir, and precipices where

462 660 1620 63 human foot had never wandered, into the glen–so deep, that the thunder of the torrent,

464 717 1621 61 which was seen to foam along the bottom, was scarcely heard to murmur. Over these

464 775 1621 55 crags rose others of stupendous height and fantastic shape; some shooting into cones;

464 825 1621 60 others impending far over their base, in huge masses of granite, along whose broken

464 880 1623 55 ridges was often lodged a weight of snow, that, trembling even to the vibration of a

464 929 1612 63 sound, threatened to bear destruction in its course to the vale. Around, on every side,

464 981 1621 61 far as the eye could penetrate, were seen only forms of grandeur–the long perspective

462 1034 1625 60 of mountain tops, tinged with ethereal blue, or white with snow; valleys of ice, and

464 1086 1621 60 forests of gloomy fir. The serenity and clearness of the air in these high regions were

459 1133 1626 68 particularly delightful to the travellers; it seemed to inspire them with a finer spirit, and

464 1196 1621 58 diffused an indescribable complacency over their minds. They had no words to express

462 1243 1617 60 the sublime emotions they felt. A solemn expression characterized the feelings of St.

459 1298 1628 57 Aubert; tears often came to his eyes, and he frequently walked away from his

464 1353 1621 57 companions. Valancourt now and then spoke, to point to Emily’s notice some feature

464 1405 1621 58 of the scene. The thinness of the atmosphere, through which every object came so

467 1457 1618 58 distinctly to the eye, surprised and deluded her, who could scarcely believe that objects

467 1512 1618 58 which appeared so near were in reality so distant. The deep silence of these solitudes

467 1564 1620 58 was broken only at intervals by the scream of the vultures seen towering round some

462 1617 1625 57 cliff below, or by the cry of the eagle sailing high in the air; except when the travellers

464 1661 1621 63 listened to the hollow thunder that sometimes muttered at their feet. While, above, the

464 1721 1621 58 deep blue of the heavens was unobscured by the lightest cloud, half-way down the

464 1776 1621 55 mountains long billows of vapour were frequently seen rolling, now wholly excluding

462 1826 1620 57 the country below, and now opening, and partially revealing its features. Emily

462 1878 1620 58 delighted to observe the grandeur of these clouds as they changed in shape and tints,

464 1927 1618 64 land to watch their various effect on the lower world, whose features, partly veiled,

467 1980 935 60 were continually assuming new forms of sublimity.

591 2035 1494 60 After traversing these regions for many leagues, they began to descend towards

464 2087 1623 63 Roussillon, and features of beauty then mingled with the scene. Yet the travellers did

462 2139 1623 61 not look back without some regret to the sublime objects they had quitted; though the

464 2189 1623 66 eye, fatigued with the extension of' its powers, was glad to repose on the verdure of

464 2246 1621 61 woods and pastures, that now hung on the margin of the river below; to view again the

462 2299 1625 60 humble cottage shaded by cedars, the playful group of mountaineer children, and the

464 2351 823 60 flowery nooks that appeared among the hills.

591 2403 1494 63 As they descended, they saw at a distance, on the right, one of the grand passes

462 2458 1620 61 of the Pyrenees into Spain, gleaming with its battlements and towers to the splendour

464 2508 1623 60 of the setting rays; yellow tops of woods colouring the steeps below, while far above

464 2565 1255 61 aspired the snowy points of the mountains, still reflecting a rosy hue.

591 2615 1496 60 St. Aubert began to look out for the little town he had been directed to by the

459 2670 1626 60 people of Beaujeu, and where he meant to pass the night; but no habitation yet

462 2719 1620 61 appeared. Of its distance Valancourt could not assist him to judge, for he had never

462 2769 1620 63 been so far along this chain of Alps before. There was, however, a road to guide them;

467 2827 1615 57 and there could be little doubt that it was the right one; for, since they had left Beaujeu,

456 2882 1056 63 there had been no variety of tracks to perplex or mislead.

1243 3005 63 64 30
