2550 3300
594 299 1488 58 Mingled woods, and rocks, and heathy mountains, were now seen obscurely

464 343 1351 66 through the dusk; but soon even these imperfect images faded in darkness.

594 398 1493 64 Michael proceeded with caution, for he could scarcely distinguish the road: his

464 456 1337 61 mules, however, seemed to have more sagacity, and their steps were sure.

591 506 1499 60 On turning the angle of a mountain, a light appeared at a distance, that illumined

459 561 1626 55 the rocks and the horizon to a great extent. It was evidently a large fire; but whether

462 610 1625 61 accidental or otherwise, there were no means of knowing. St. Aubert thought it was

462 665 1620 66 probably kindled by some of the numerous banditti that infested the Pyrenees, and he

462 715 1623 63 became watchful and anxious to know whether the road passed near this fire. He had

462 772 1620 58 arms with him, which on an emergency might afford some protection, though certainly

462 827 1623 55 a very unequal one against a band of robbers, so desperate too as those usually were

467 874 1618 63 who haunted these wild regions. While many reflections rose upon his mind, he heard

462 929 1623 61 a voice shouting from the road behind, and ordering the muleteer to stop. St. Aubert

464 979 1618 63 bade him proceed as fast as possible; but either Michael or his mules were obstinate,

464 1036 1618 58 for they did not quit the old pace. Horses' feet were now heard, a man rode up to the

464 1089 1623 57 carriage, still ordering the driver to stop; and St. Aubert, who could no longer doubt his

462 1138 1623 63 purpose, was with difficulty able to prepare a pistol for his defence, when his hand was

464 1193 1618 61 upon the door of the chaise. The man staggered on his horse; the report of the pistol

467 1248 1620 58 was followed by a groan; and St. Aubert’s horror may be imagined, when in the next

462 1298 1623 60 instant he thought he heart the faint voice of Valancourt. He now himself bade the

464 1353 1621 57 muleteer stop; and, pronouncing the name of Valancourt, was answered in a voice that

462 1399 1623 61 no longer suffered him to doubt. St. Aubert, who instantly alighted and went to his

462 1452 1625 60 assistance, found him still sitting on his horse, but bleeding profusely, and appearing to

464 1507 1621 63 be in great pain, though he endeavoured to soften the terror of St. Aubert by assurances

464 1564 1623 58 that he was not materially hurt, the wound being only in his arm. St. Aubert, with the

464 1617 1615 57 muleteer, assisted him to dismount, and he sat down on the bank of the road, where St.

462 1663 1623 61 Aubert tried to bind up his arm; but his hands trembled so excessively that he could not

462 1718 1623 58 accomplish it; and Michael being gone in pursuit of the horse, which, on being

464 1776 1618 55 disengaged from his rider, had galloped off, he called Emily to his assistance.

462 1826 1623 57 Receiving no answer, he went to the carriage, and found her sunk on the seat in a

467 1878 1618 60 fainting fit. Between the distress of this circumstance and that of leaving Valancourt

464 1927 1621 64 bleeding, he scarcely knew what he did; he endeavoured, however, to raise her, and

467 1982 1618 61 called to Michael to fetch water from the rivulet that flowed by the road; but Michael

467 2040 1618 55 was gone beyond the reach of his voice. Valancourt, who heard these calls, and also

462 2090 1620 60 the repeated name of Emily, instantly understood the subject of his distress; and,

464 2142 1621 60 almost forgetting his own condition, he hastened to her relief. She was reviving when

462 2191 1623 64 he reached the carriage; and then, understanding that anxiety for him had occasioned

464 2244 1621 66 her indisposition, he assured her in a voice that trembled, but not from anguish, that his

464 2296 1621 60 wound was of no consequence. While he said this, St. Aubert turned round; and

462 2354 1623 60 perceiving that he was still bleeding, the subject of his alarm changed again, and he

464 2403 1621 61 hastily formed some handkerchiefs into a bandage. This stopped the effusion of the

462 2458 1620 61 blood; but St. Aubert, dreading the consequence of the wound, inquired repeatedly

464 2508 1618 63 how far they were from Beaujeu; when learning that it was at two leagues' distance,

464 2560 1623 63 his distress increased, since he knew not how Valancourt, in his present state, would

462 2609 1625 66 bear the motion of the carriage, and perceived that he was already faint from loss of

464 2664 1621 64 blood. When he mentioned the subject of his anxiety, Valancourt entreated that he

467 2722 1618 58 would not suffer himself to be thus alarmed on his account, for that he had no doubt he

462 2774 1623 58 should be able to support himself very well, and then he talked of the accident as a

462 2827 1625 60 slight one. The muleteer, being now returned with Valancourt’s horse, assisted him

464 2879 1621 60 into the chaise; and as Emily was now revived, they moved slowly on towards

462 2931 173 58 Beaujeu.

1243 3008 55 63 27
