2550 3300
594 299 1496 58 The travellers passed an agreeable evening; but St. Aubert was fatigued with his

462 349 1625 69 journey, and as Valancourt seemed again sensible of pain, they separated soon after

462 407 145 57 supper.

591 451 1491 66 In the morning, St. Aubert found that Valancourt had passed a restless night;

462 506 1620 60 that he was feverish, and his wound very painful. The surgeon, when he dressed it,

462 563 1625 55 advised him to remain quietly at Beaujeu; advice which was too reasonable to be

462 613 1625 60 rejected. St. Aubert, however, had no favourable opinion of this practitioner, and was

464 668 1621 58 anxious to commit Valancourt into more skilful hands; but, learning upon inquiry that

464 720 1621 58 there was no town within several leagues, which seemed more like to afford better

462 767 1628 63 advice, he altered the plan of his journey, and determined to await the recovery of

467 819 1623 63 Valancourt, who, with somewhat more ceremony than sincerity, made many objections

462 877 247 55 to this delay.

594 924 1488 66 By order of his surgeon, Valancourt did not go out of the house that day; but St.

462 981 1631 61 Aubert and Emily surveyed with delight the environs of the town, situated at the feet of

464 1036 1623 58 the Pyrenean Alps, that rose some in abrupt precipices, and others swelling with woods

464 1089 1621 57 of cedar, fir, and cypress, which stretched nearly to their highest summits. The cheerful

462 1138 1623 66 green of the beech and mountain-ash was sometimes seen, like a gleam of light, amidst

464 1190 1618 61 the dark verdure of the forest; and sometimes a torrent poured its sparkling flood high

464 1248 344 58 among the woods.

594 1295 1491 63 Valancourt’s indisposition detained the travellers at Beaujeu several days,

462 1353 1623 57 during which interval St. Aubert had observed his disposition and his talents with the

462 1399 1625 66 philosophic inquiry so natural to him. He saw a frank and generous nature, full of

464 1457 1623 58 ardour, highly susceptible of whatever is grand and beautiful, but impetuous, wild, and

464 1509 1623 61 somewhat romantic. Valancourt had known little of the world. His perceptions were

462 1559 1623 63 clear, and his feelings just; his indignation of an unworthy or his admiration of a

462 1614 1623 63 generous action were expressed in terms of equal vehemence. St Aubert sometimes

464 1663 1623 61 smiled at his warmth, but seldom checked it; and often repeated to himself, “This

462 1718 1617 66 young man has never been at Paris." A sigh sometimes followed this silent ejaculation.

462 1771 1623 60 He determined not to leave Valancourt till he should be perfectly recovered; and, as he

467 1826 1620 60 was now well enough to travel, though not able to manage his horse, St. Aubert invited

464 1875 1621 63 him to accompany him for a few days in the carriage. This he the more readily did,

464 1930 1615 63 since he had discovered that Valancourt was of a family of the same name in Gascony,

464 1980 1618 60 with whose respectability he was well acquainted. The latter accepted the offer with

462 2037 1625 64 great pleasure, and they again set forward among these romantic wilds towards

462 2095 222 55 Roussillon.

594 2136 1493 64 They travelled leisurely, stopping wherever a scene uncommonly grand

464 2197 1618 58 appeared; frequently alighting to walk to an eminence, whither the mules could not go,

462 2246 1623 61 from which the prospect opened in greater magnificence; and often sauntering over

462 2299 1623 60 hillocks covered with lavender, wild thyme, juniper, and tamarisk, and under the

464 2354 1626 57 shades of woods, between whose boles they caught the long mountain vista, sublime

462 2403 866 63 beyond anything that Emily had ever imagined.

594 2458 1493 61 St. Aubert sometimes amused himself with botanizing, while Valancourt and

464 2508 1623 63 Emily strolled on; he pointing out to her notice the objects that particularly charmed

462 2563 1625 60 him, and reciting beautiful passages from such of the Latin and Italian poets as he had

464 2612 1621 63 heard her admire. In the pauses of conversation, when he thought himself not observed,

464 2664 1623 64 he frequently fixed his eves pensively on her countenance, which expressed with so

464 2722 1621 58 much animation the taste and energy of her mind; and when he spoke again there was a

462 2774 1623 66 peculiar tenderness in the tone of his voice, that defeated any attempt to conceal his

464 2829 1618 58 sentiments. By degrees these silent pauses became more frequent till Emily, only,

464 2876 1623 69 betrayed an anxiety to interrupt them; and she, who had been hitherto reserved, would

1235 3003 68 63 29
